1884 3172
563 210 806 255 BELLUM
850 209 876 252 J
879 207 1313 252 UGURTHINUM.
1659 213 1739 255 143

100 326 219 381 pati3
247 325 473 383 plerosque
500 324 760 367 antevenire.
818 322 988 372 Quibus
1012 322 1141 365 rebus
1169 328 1214 367 et
1242 321 1406 364 artibus
1434 322 1552 366 brevi
1582 323 1742 376 Mario,

100 383 393 439 militibusque
423 381 683 424 carissumus
721 381 877 423 factus.
946 381 1008 423 At
1034 379 1249 436 Jngnrtha
1275 386 1506 436 postquam
1534 382 1741 438 oppidum

100 439 299 495 Capsam,
321 440 515 496 aliosque
532 439 655 482 locos
683 437 887 490 munitos,
904 442 950 480 et
967 436 1051 480 sibi
1070 437 1215 486 utiles,
1233 435 1360 479 simul
1380 442 1425 479 et
1442 451 1642 494 maguam
1691 453 1740 493 e-

99 495 268 538 cuniam
290 496 503 545 amiserat,
522 496 575 538 ad
599 496 823 539 Bocchum
841 494 1024 537 nuncios
1041 493 1189 542 mittit,
1218 492 1350 553 quam
1406 492 1559 536 timum
1577 494 1624 536 in
1688 510 1741 538 u-

99 550 275 594 midiam
303 553 451 610 copias
478 553 743 596 adduceret=
770 550 911 608 proelii
943 550 1135 594 faciundi
1153 556 1325 608 tempus
1401 564 1497 594 esse
1567 552 1583 576 ¹
1599 551 1741 600 Quem

99 607 173 649 nbi
193 609 384 652 cunctari
410 609 593 667 accepit,
611 609 791 652 dubium
806 607 911 651 belli
927 614 1058 665 atque
1076 607 1198 664 pacis
1217 607 1407 650 rationes
1425 614 1489 650 tra
1520 621 1590 650 ere
1608 622 1619 650 ε
1649 622 1742 650 rur-

95 678 184 713 sus,
201 671 251 708 ut
269 672 410 716 antea,
429 681 659 732 proxumos
681 667 774 724 ejus
798 665 926 708 donis
958 664 1218 722 corrumpit3
1246 663 1417 722 ipsique
1435 671 1456 690 ⁸
1522 678 1626 707 auro
1643 665 1741 722 pol-

93 721 246 764 licetur
265 723 481 766 Numidiae
499 723 667 767 tertiam
727 729 877 774 artem,
908 721 946 765 si
975 728 1052 764 aut
1078 720 1263 764 Romani
1281 721 1430 764 Africa
1450 721 1632 786 expulsi,
1651 728 1741 772 aut,

93 777 112 802 δ
127 777 215 822 inte
271 780 306 822 ‘s
325 781 415 824 suis
433 781 607 830 finibus,
626 780 698 823 bel
715 794 788 822 um
807 793 903 823 com
935 778 1094 821 ositum
1112 778 1236 820 foret.
1293 777 1361 821 Eo
1378 792 1552 836 praemio
1568 778 1740 822 illectus

94 833 214 878 Bocc
245 851 297 879 us
317 852 417 880 cum
433 838 591 894 magna
609 835 884 880 multitudine
900 793 1158 892 fugai-tham
1176 834 1358 878 accedit.
1419 835 1499 884 Ita,
1517 836 1741 878 amborum

94 892 296 941 exercitu.
328 895 575 951 conjuncto,
614 893 802 935 Marium
842 893 935 950 jam
976 892 1023 934 in
1064 892 1246 935 hiberna
1283 892 1642 950 proficiscentem,
1670 893 1742 935 vix

93 949 263 992 decima
375 965 400 993 e
428 957 446 975 ⁶
461 949 532 992 die
548 950 729 1007 reliqua,
747 949 983 992 invadunt:
1012 948 1110 999 rati,
1143 954 1331 998 noctem,
1350 964 1446 1006 quae
1469 950 1562 1007 jam
1580 950 1742 1000 aderat,

92 1005 218 1048 victis
237 1006 274 1048 si
306 1007 602 1050 imunimento
620 1007 737 1050 fore:
770 1014 827 1054 et,
854 1006 891 1048 si
909 1006 1132 1055 vicissent,
1156 1006 1277 1048 nullo
1294 1006 1618 1062 impedimento,
1639 1006 1740 1064 quia

89 1062 282 1105 locorum
301 1063 489 1107 scientes
508 1071 629 1107 erant
645 1080 662 1107 ι,
685 1062 844 1106 contra·
855 1062 1062 1107 Romanis
1081 1069 1307 1120 utrumque
1320 1077 1468 1105 casum
1486 1063 1531 1104 in
1550 1063 1739 1106 tenebris

91 1118 375 1163 difficiliorem
405 1121 511 1164 sore.
570 1121 710 1178 Igitur
739 1120 758 1145 ‘¹
778 1121 907 1163 simul
939 1120 1093 1162 consul
1126 1133 1179 1161 ex
1208 1119 1356 1162 multis
1376 1120 1430 1163 de
1450 1119 1641 1162 hcetium
1659 1121 1735 1163 ad-

92 1183 221 1218 ventu
240 1177 457 1234 cognovit,
482 1184 527 1220 et
558 1177 640 1235 ipsi
672 1177 820 1221 hostes
848 1177 1051 1220 aderaut:
1082 1183 1126 1219 et
1143 1176 1262 1233 prius
1282 1175 1414 1234 quam
1431 1176 1645 1220 exercitus
1664 1183 1740 1219 aut

91 1233 259 1284 instrui,
304 1241 379 1277 aut
421 1234 610 1277 sarcinas
654 1234 872 1291 colligere,
914 1233 1115 1290 denique,
1155 1231 1259 1275 ante
1287 1232 1420 1290 quam
1448 1233 1635 1290 signum,
1665 1242 1740 1276 aut

90 1289 315 1346 imperium
355 1290 491 1333 ullum
533 1290 730 1349 accipere
773 1290 924 1348 quivit,
967 1289 1135 1347 equites
1183 1290 1344 1338 Mauri,
1389 1296 1520 1347 atque
1563 1290 1739 1340 Gaetuli,

89 1360 174 1387 nou
219 1347 328 1396 acie,
369 1362 510 1404 neque
553 1348 644 1390 ullo
688 1361 808 1390 more
848 1347 1005 1412 proelii,
1048 1347 1127 1389 sed
1157 1346 1421 1396 catervatim,
1449 1346 1514 1390 uti
1543 1362 1739 1404 quosque

88 1403 176 1445 fors
205 1404 551 1460 conglobaverat,
578 1405 625 1447 in
653 1411 823 1447 nostros
851 1411 1086 1447 incurrunt.
1161 1404 1248 1453 Qui
1285 1418 1434 1447 omnes
1470 1404 1627 1461 trepidi
1657 1405 1740 1446 im-

88 1460 260 1516 proviso
289 1468 421 1511 metu,
452 1468 640 1504 attamen
668 1461 837 1504 virtutis
877 1475 1103 1510 memores,
1143 1466 1220 1503 aut
1247 1475 1365 1503 arma
1394 1461 1637 1517 capiebant,
1666 1468 1742 1504 aut

89 1517 300 1572 capientis
319 1518 427 1560 alios
447 1518 502 1560 ab
522 1518 720 1562 hostibus
750 1518 1059 1561 defensabant:
1089 1531 1187 1574 pars
1205 1531 1350 1574 equos
1383 1519 1630 1568 ascendere,
1660 1519 1740 1561 ob-

88 1572 204 1615 viam
231 1574 429 1617 hostibus
459 1574 550 1628 ire3
596 1589 743 1632 pugna
769 1575 996 1619 latrocinio
1039 1572 1194 1631 magis,
1238 1573 1370 1632 quam
1406 1575 1558 1632 proelio
1588 1575 1740 1618 similis

88 1630 208 1682 fieri;
238 1630 330 1673 sine
361 1630 513 1688 signis,
542 1632 635 1675 sine
664 1630 900 1682 ordinibus,
929 1631 1099 1689 equites
1126 1630 1294 1689 pedites
1331 1631 1547 1689 permixti,
1575 1633 1746 1676 caedere

88 1687 212 1736 alios,
239 1687 347 1730 alios
378 1689 660 1741 obtruncare3
703 1689 863 1731 multos
906 1692 923 1715 2
942 1694 1102 1732 eontra*
1135 1688 1338 1731 adversos
1375 1687 1596 1732 acerrume
1626 1704 1738 1747 pug-

88 1750 242 1787 nantes
271 1745 326 1786 ab
356 1750 477 1802 tergo
508 1745 843 1798 circumvenire3
872 1759 1014 1803 neque
1036 1745 1186 1794 virtus,
1220 1760 1362 1803 neque
1392 1760 1509 1788 arma
1538 1746 1642 1789 satis
1671 1753 1738 1790 te-

89 1815 216 1856 gere3
276 1801 365 1843 uod
385 1802 533 1845 hostes
553 1817 729 1845 numero
750 1803 910 1860 plures,
930 1809 976 1845 et
994 1802 1185 1859 undique
1214 1802 1462 1846 circumfusi
1483 1810 1628 1846 erant:
1659 1804 1737 1846 de-

88 1857 219 1915 nique
279 1858 419 1901 omani
450 1865 465 1884 0
483 1866 663 1912 vetereS,
683 1859 896 1917 novique;
927 1866 972 1903 et
1000 1859 1015 1885 f
1030 1860 1087 1903 ob
1108 1873 1174 1910 ea,
1194 1859 1381 1903 scientes
1399 1860 1532 1915 belli;
1562 1862 1601 1909 si
1628 1875 1737 1919 quos

728 1985 1098 2018 INTERPRETATIO.

147 2067 158 2091 ¹
182 2065 311 2112 Quem
325 2068 396 2110 ubi
411 2070 560 2125 accepit
570 2083 703 2112 moras
721 2077 887 2119 nectere,
999 2073 1016 2096 2
1038 2068 1412 2112 Circumveniebant
1424 2069 1573 2115 multos
1588 2072 1641 2114 ab
1658 2080 1739 2115 ter-

88 2125 184 2165 dum
202 2124 346 2167 dubius
361 2125 479 2167 anri&
490 2126 764 2183 perpendebat
782 2127 885 2168 rati-
940 2140 1009 2183 go,
1046 2126 1143 2168 dum
1177 2125 1244 2168 illi
1271 2135 1510 2184 pugnarent
1550 2129 1739 2175 acerrime

88 2195 177 2222 ones
183 2194 271 2237 quae
271 2195 350 2237 pro
359 2181 460 2224 bello
475 2190 550 2225 aut
558 2198 658 2241 pace
654 2182 887 2240 faciebant.
942 2189 1084 2226 contra
1103 2183 1232 2227 hostes
1257 2183 1455 2228 adversos.
1623 2187 1625 2189 ’

127 2391 149 2412 a
164 2379 306 2421 Mamm]
329 2379 442 2414 Boetho
455 2382 592 2414 scilicet.
937 2388 1021 2416 sent.

127 2424 148 2454 b
165 2423 324 2465 Integra]
337 2427 411 2457 Hoc
425 2430 488 2466 est,
501 2425 536 2457 sa·
549 2424 628 2456 mua
636 2431 712 2467 pars
724 2427 810 2467 regni
823 2426 882 2458 sibi·
923 2458 930 2464 ,
980 2438 1001 2459 ο
1016 2427 1159 2470 Veteres-1
1193 2430 1268 2460 Non
1286 2430 1362 2459 sunt
1375 2427 1533 2466 veterani,
1550 2431 1647 2468 prout
1659 2428 1733 2468 qui-

86 2467 105 2496 ι’
117 2465 260 2498 Romanis
272 2467 481 2499 detraheretur.
936 2470 1012 2502 ihm
1022 2471 1243 2511 existimavit3
1270 2471 1381 2503 verum
1396 2470 1434 2510 ii,
1454 2470 1496 2502 de
1510 2471 1628 2510 quibus
1642 2480 1732 2502 men-

127 2518 146 2540 c
163 2509 254 2549 Die]
294 2510 515 2543 Pmculdabio
543 2509 639 2542 casus
662 2513 713 2542 est
734 2511 880 2551 genitivi,
937 2513 984 2546 tio
997 2514 1085 2545 facta
1104 2519 1156 2546 est
1179 2514 1336 2555 superins,
1349 2513 1405 2554 qui
1420 2513 1482 2545 snb
1499 2513 1634 2545 Metello
1649 2513 1733 2544 mili-

84 2553 341 2595 quandoquidem
368 2554 506 2586 Plautus
531 2557 566 2584 et
586 2553 744 2593 Virgilius
763 2554 811 2586 ita
833 2555 880 2586 lo-
936 2559 1106 2595 taveraut3
1136 2557 1274 2599 quique,
1296 2567 1370 2588 eum
1394 2557 1485 2588 novis
1505 2565 1586 2598 quoa
1606 2556 1732 2588 Marius

85 2594 153 2625 enti
173 2601 249 2627 mut
260 2608 271 2635 ;
302 2602 401 2638 atque
422 2598 511 2629 hunc
541 2596 645 2636 ipsum
669 2596 776 2629 locum
797 2597 881 2629 citat
936 2600 1083 2640 adduxit,
1099 2600 1132 2631 in
1149 2610 1250 2633 unum
1265 2609 1384 2640 eorpus
1397 2601 1598 2631 coaluerant.

87 2636 219 2676 Gellius,
241 2640 297 2680 qui
318 2640 366 2671 din
396 2641 429 2672 iu
458 2639 564 2680 patrio
586 2649 665 2670 casu
686 2640 708 2670 ὲ
729 2640 881 2672 Sallustio
976 2643 996 2674 f
1013 2641 1060 2673 01>
1080 2643 1142 2682 ea.)
1184 2644 1223 2675 ld
1248 2648 1309 2682 est,
1330 2642 1579 2674 Romanivetem
1597 2646 1628 2672 et
1649 2643 1729 2678 novi,

86 2679 225 2716 potitum
241 2691 311 2713 ease
325 2683 418 2722 dicit,
433 2683 635 2724 aliorumque
648 2683 826 2723 argutiolas
840 2683 879 2715 ea
936 2685 1000 2717 ideo
1025 2687 1146 2718 scientes
1161 2686 1229 2718 belli
1247 2685 1326 2727 quad
1343 2685 1374 2716 1ιὶ
1393 2695 1460 2718 cun·
1479 2684 1552 2724 illis,
1574 2693 1639 2722 um,
1661 2683 1731 2731 Nef-

84 2720 126 2751 «le
139 2730 174 2752 re
189 2726 384 2756 oonoemnit.
935 2728 1079 2760 αἰὼν-ιω
1099 2739 1178 2761 non
1209 2729 1341 2764 assuetis,
1369 2727 1504 2768 pomini
1522 2731 1623 2761 nunt,
1648 2729 1678 2756 et
1697 2735 1729 2756 υι

130 2763 150 2793 d
164 2763 283 2812 §in-nt]
315 2767 418 2806 Dicit,
432 2772 509 2799 tunc
525 2769 652 2801 mutum
678 2769 821 2802 Marium
839 2769 879 2800 de
935 2780 1024 2807 unum
1044 2778 1146 2813 corpur
1174 2771 1358 2807 misserat,
1387 2770 1469 2800 orbes
1490 2767 1643 2807 jaciebant
1655 2779 1670 2808 ‚⁰
1690 2769 1730 2799 .ιί

86 2807 231 2838 hostium
247 2809 389 2841 adventu
405 2813 605 2850 cognovisse,
621 2812 695 2843 eum
711 2812 772 2851 ipsi
787 2812 881 2844 aden-
934 2823 1008 2854 quor
1019 2813 1097 2845 heus
1108 2819 1159 2845 aut
1171 2824 1254 2846 mus
1265 2815 1473 2855 ponjwmmt.
