1884 3172
598 197 684 241 DE
713 196 848 242 REP.
879 195 1268 240 ORDINANDA.
1650 198 1736 241 223

80 314 260 357 adversa
276 327 356 361 res,
387 311 605 369 ingentem
626 324 773 361 eorum
792 310 980 352 animum
999 309 1198 366 subegit3
1227 308 1346 367 quin,
1369 308 1476 366 'quae
1490 309 1646 353 virtute
1665 325 1717 354 ce

82 378 250 428 perant,
276 369 402 412 simul
425 383 524 412 cum
558 366 703 409 anima
728 367 974 409 retinerent.
1032 366 1179 422 Atque
1199 380 1252 408 ea
1268 364 1408 464 maffis
1428 366 1610 409 fortibus
1631 383 1735 411 con-

82 428 204 476 siliis,
219 426 350 484 quam
361 425 487 468 bonis
500 424 673 482 praeliis,
691 431 860 481 patrata
878 429 994 466 sunt.
1053 422 1226 480 Quippe
1246 437 1331 480 apu
1374 423 1472 465 illos
1493 428 1508 445 ¹
1521 438 1605 477 una
1623 439 1735 482 resp.

82 491 201 536 erat;
231 483 271 526 ei
310 483 623 534 consulebant3
653 480 785 523 factio
807 486 957 524 contra
975 479 1123 522 hostes
1144 479 1400 536 parabatur:
1429 493 1585 537 corpus
1605 489 1734 539 atque

80 541 314 598 ingenium,
334 539 497 596 patriae,
516 553 605 581 non
643 553 732 580 suae
751 537 935 603 quisque
972 537 1194 594 potentiae,
1231 536 1508 585 exercitabat.
1567 537 1629 580 At
1648 538 1734 581 hoc

79 605 271 654 tempore
291 595 443 638 contra
461 596 657 638 homines
677 595 860 644 nobiles,
880 608 1064 652 quorum
1083 594 1249 636 animos
1268 593 1483 643 socordia,
1502 599 1632 651 atque
1666 595 1732 653 ig-

78 655 218 703 navia,
238 653 417 705 invasit3
448 652 585 710 ignari
612 652 785 701 laboris,
823 651 1028 701 hostium,
1066 650 1245 700 militiae,
1283 650 1401 693 domi
1441 650 1630 694 faotione
1667 653 1734 695 in-

79 711 247 760 structi,
267 724 343 767 per
363 710 607 767 superbiam
627 709 796 752 cunctis
821 708 1023 766 gentibus
1052 708 1342 751 moderantur.
1399 708 1553 766 Itaque
1572 715 1732 766 patres,

77 782 261 824 quorum
280 768 462 810 consilio
482 774 609 809 antea
625 766 760 808 dubia
796 780 910 822 resp.
930 763 1240 814 stabiliebatur,
1273 765 1483 821 oppressi,
1504 779 1559 807 ex
1591 766 1735 809 aliena

76 824 273 873 libidine,
293 824 380 866 huc
399 831 528 881 atque
548 823 653 865 illuc
671 823 930 865 fluctuantes
947 822 1165 878 agitantur
1183 837 1193 863 :
1228 821 1442 865 interdum
1461 823 1559 872 alia,
1578 823 1734 866 deinde

79 882 178 929 alia,
200 882 460 926 decernunt2,
487 887 536 923 ut
555 894 713 927 eorum,
733 879 808 936 qui
837 878 1125 928 dominantur,
1166 878 1375 928 simultas,
1407 894 1460 921 ac
1491 880 1736 936 arrogantia

77 938 173 988 fert,
194 937 255 980 ita
273 937 712 994 bonum,vmalumqu'e
743 936 965 994 publicum
1002 936 1277 978 existumant.
1335 934 1468 985 Quod
1503 937 1539 978 si
1579 944 1653 980 aut
1686 938 1769 980 li·-

78 995 222 1037 bertas
252 1009 375 1051 aequa
408 993 612 1042 omnium,
660 1000 735 1035 aut
776 993 993 1036 sententia
1029 992 1047 1017 ¹²
1066 993 1290 1036 obscurior
1325 1000 1467 1046 esset3
1498 994 1734 1051 majoribus

78 1052 234 1108 opibus
254 1066 366 1107 resp.
401 1058 446 1094 et
464 1050 605 1093 minus
626 1057 780 1107 potens
801 1050 1006 1092 nobilitas
1021 1057 1151 1092 esset.
1183 1049 1271 1092 Sed
1292 1050 1496 1107 quoniam
1517 1053 1732 1109 coaequari

82 1109 262 1165 gratiam
278 1108 468 1150 omnium
488 1108 663 1150 difficile
684 1115 780 1159 est;
812 1107 971 1164 quippe
992 1107 1092 1149 cum
1112 1113 1129 1130 ⁶
1150 1107 1236 1149 illis
1258 1108 1467 1164 majorum
1481 1108 1615 1150 virtus
1636 1117 1733 1166 par-

78 1174 166 1208 tam
181 1164 402 1222 reliquerit
421 1165 617 1222 gloriam,
639 1165 909 1220 dignitatem,
929 1163 1155 1207 clientelas
1175 1180 1187 1215 ;
1218 1171 1374 1207 caetera
1390 1165 1624 1208 multitudo
1644 1167 1735 1223 ple-

77 1237 207 1280 raque
246 1221 410 1264 inscia:
441 1223 499 1264 sit
517 1222 730 1264 sententia
749 1236 896 1264 eorum
930 1220 956 1263 ὲ
978 1228 1094 1263 metu
1124 1220 1276 1263 libera.
1333 1221 1401 1265 Ita
1439 1222 1614 1265 occultu
1653 1223 1737 1266 sibi

80 1281 264 1343 quisque
282 1278 458 1322 alterius
487 1279 684 1335 potentia
713 1278 729 1301 ‘¹
752 1278 890 1320 carior
909 1277 1004 1321 erit.
1064 1278 1256 1320 Libertas
1270 1278 1400 1335 juxta
1419 1278 1559 1328 bonis,
1579 1286 1625 1323 et
1643 1295 1735 1323 ma-

78 1337 146 1385 hs,
163 1336 363 1385 strenuis,
399 1343 443 1378 et
458 1335 640 1392 ignavis,
675 1335 879 1391 optabilis
917 1341 996 1377 est.
1054 1334 1213 1378 Verum
1253 1350 1349 1378 eam
1382 1336 1576 1394 plerique
1615 1344 1733 1381 metu

78 1395 296 1442 deserunt,
317 1392 573 1435 stultissumi
621 1393 856 1444 mortales;
905 1399 920 1418 θ
946 1392 1063 1449 quod
1103 1392 1148 1434 in
1183 1393 1414 1435 certamine
1443 1394 1622 1437 dubium
1652 1403 1733 1445 est,

78 1465 281 1507 quorsum
300 1450 487 1500 accidat,
519 1450 564 1492 id
584 1465 660 1506 per
677 1449 877 1492 inertiam
895 1449 941 1491 in
960 1464 1021 1507 se,
1050 1449 1174 1506 quasi
1206 1449 1326 1500 victi,
1359 1450 1585 1507 recipiunt.
1645 1452 1733 1509 Igi-

77 1515 146 1549 tur
164 1508 331 1550 duabus
358 1508 485 1550 rebus
506 1506 747 1550 confirmari
785 1521 913 1564 posse
933 1513 1131 1549 senatum
1163 1513 1270 1563 puto
1289 1522 1299 1548 ε
1329 1507 1365 1549 si
1381 1522 1562 1551 numero
1579 1517 1733 1553 auctus

75 1567 92 1597 f
108 1579 183 1621 per
209 1564 412 1607 tabellam
430 1563 688 1607 sententiam
708 1564 829 1607 seret.
884 1563 1063 1606 Tabella
1081 1571 1100 1596 ss
1118 1563 1315 1607 obtentui
1350 1564 1444 1613 erit,
1480 1565 1569 1623 quo
1588 1564 1728 1624 magis

78 1622 222 1676 animo
241 1621 377 1664 libero
407 1621 547 1664 facere
568 1620 749 1663 audeat:
779 1621 797 1646 ¹¹
832 1620 878 1663 in
918 1620 1207 1670 multitudine,
1245 1627 1290 1663 et
1322 1621 1510 1677 praesidii
1547 1623 1660 1680 plus,
1688 1631 1734 1667 et

80 1694 184 1721 usus
204 1678 385 1735 amplior
411 1685 489 1722 est.
553 1678 666 1721 Nam
687 1676 776 1720 fere
795 1677 863 1720 his
881 1677 1226 1736 tempestatibus,
1264 1677 1338 1720 alii
1370 1679 1550 1736 judiciis
1619 1681 1732 1723 ubli'-

78 1735 160 1787 cis,
171 1735 242 1778 alii
256 1735 431 1793 privatis
444 1735 548 1785 suis,
569 1741 697 1792 atque
717 1735 952 1778 amicorum
985 1735 1192 1792 negotiis,
1219 1735 1445 1792 implicati,
1473 1737 1559 1780 hau
1625 1736 1730 1782 sane

735 1892 738 1893 γ
787 1857 983 1900 NOTAE.

120 1989 140 2008 a
157 1977 255 2017 Una]
299 1978 334 2010 ld
352 1982 414 2015 est,
439 1989 504 2020 911oe
517 1978 550 2010 in
570 1979 721 2017 sactiones
736 1989 795 2010 non
810 1983 874 2010 emt

80 2021 182 2052 divisa.
228 2021 322 2053 Salus
343 2029 393 2053 est
421 2022 568 2062 profecte>
596 2022 742 2054 omnium
770 2033 873 2054 mem-

78 2065 206 2095 brorum
232 2065 366 2095 societas
391 2068 427 2095 et
446 2065 724 2105 communicati03
773 2066 873 2106 pestis

79 2107 237 2138 discordia
259 2110 293 2137 et
306 2107 508 2139 abalienatio.

126 2150 147 2179 b
161 2148 342 2190 obscuriora]
356 2150 532 2181 Obscurior
547 2153 597 2180 est
611 2150 681 2190 ipse
695 2149 875 2187 Sallustius,

974 1988 993 2009 e
1009 1977 1118 2017 Quod-J
1139 1977 1332 2011 servitutem
1348 1980 1511 2020 intelligit,
1523 1991 1610 2021 quae,
1626 1991 1727 2024 quam
1758 2011 1760 2013 .

930 2020 963 2052 in
978 2026 1103 2061 partem
1118 2022 1228 2061 cadat,
1245 2023 1402 2063 quamdiu
1421 2033 1482 2064 pro
1496 2024 1648 2058 libertate
1658 2035 1728 2058 cer-

929 2068 1032 2100 tatur,
1048 2065 1154 2096 nullus
1169 2066 1251 2098 ncire
1264 2070 1380 2106 potest.

976 2107 993 2138 f
1000 2105 1063 2137 Per
1082 2107 1245 2149 tabellam]
1301 2110 1373 2140 Non
1400 2119 1484 2142 unus
1516 2110 1581 2142 fuit
1601 2121 1731 2152 semper

932 2149 1021 2190 apud
1057 2150 1222 2182 Romanos
1254 2152 1448 2184 senteutiam
1485 2163 1580 2186 suam
1601 2154 1728 2187 dicendi

78 2193 155 2223 dnm
173 2191 278 2222 minas
291 2193 461 2224 obscuram
477 2194 622 2234 queritur
649 2193 786 2224 aliorum
803 2203 874 2224 seu-

78 2235 227 2266 tentiam.
285 2235 405 2266 Badius
442 2235 603 2274 intelligiit
638 2236 678 2267 (le
711 2236 876 2278 obsequio,

78 2287 145 2319 quo
180 2287 293 2308 omnes
331 2278 395 2309 fere
426 2288 501 2318 erga
527 2287 650 2318 paucos
676 2279 876 2317 tenebantur,

80 2320 230 2361 quodque
246 2321 307 2351 illis
322 2321 428 2352 minus
439 2322 604 2361 cognitum
629 2322 728 2353 fuisse
758 2327 876 2354 auctor

80 2363 305 2395 desidemsaet.
350 2365 436 2405 Ergo
454 2365 529 2395 vero
544 2365 599 2396 hic
614 2366 666 2405 agi
682 2365 874 2398 crediderim

79 2407 120 2438 de
149 2406 321 2445 suffragiis,
339 2417 414 2449 qua
436 2417 494 2447 per
529 2409 675 2447 tabellas,
698 2409 739 2439 de
759 2409 875 2449 quibus

78 2450 179 2481 etiam
203 2453 315 2488 postea
346 2450 520 2482 Sallustius
550 2451 702 2492 loquitur,
725 2452 875 2484 fereban-

80 2498 154 2524 tur:
182 2502 225 2523 ne
251 2492 447 2535 cujusquam
466 2496 630 2526 sententia
642 2496 684 2526 ab
702 2495 769 2527 ullo
798 2505 875 2536 cog-

79 2536 165 2568 nosci
191 2542 310 2574 posset.

123 2588 143 2609 c
159 2578 251 2616 luia]
271 2578 440 2611 Nobilibut
462 2579 598 2612 scilieet.

122 2621 143 2651 d
161 2621 295 2661 Carion]
321 2623 356 2654 ld
370 2627 431 2662 est,
446 2625 513 2654 cam
530 2623 714 2666 singuh‘sper
727 2624 873 2664 tabellam,

82 2663 193 2694 nemim
217 2665 339 2703 conscio,
361 2668 536 2698 senitentiam
546 2677 629 2698 suam
639 2668 734 2699 diem
745 2667 872 2709 lewa-it,

81 2716 179 2737 omnes
197 2706 252 2737 eibi
273 2712 303 2738 ee
322 2709 489 2751 reipublicae
502 2712 598 2751 magis
618 2709 873 2754 queimpaucorum

81 2748 232 2788 superbia,
252 2749 395 2791 mffingio
414 2762 466 2784 suo
577 2759 634 2784 ent.

933 2193 1060 2228 modus,
1075 2198 1114 2224 ut
1129 2203 1233 2234 neque
1244 2195 1332 2234 apud
1358 2194 1439 2227 alian
1465 2200 1591 2236 gentes.
1636 2199 1728 2231 Voce

933 2236 1053 2276 primo,
1068 2236 1197 2276 deinde,
1224 2240 1262 2268 ut
1275 2237 1383 2278 major
1399 2238 1533 2271 libertas
1548 2243 1644 2280 esset,
1668 2251 1727 2280 per

932 2279 1080 2317 tabellas,
1103 2279 1292 2320 suffragium
1317 2291 1414 2313 suum
1441 2283 1599 2316 ferebant·
1654 2285 1728 2318 Qua

932 2322 975 2354 de
989 2333 1036 2361 re,
1047 2322 1131 2362 vide,
1155 2322 1190 2354 in
1213 2323 1337 2362 primis,
1351 2325 1525 2358 Deiectum
1541 2326 1726 2360 Latinitatis

932 2366 1070 2397 Moneto
1090 2366 1225 2398 Jesuitoe
1242 2367 1448 2400 attributum.

974 2419 998 2449 g
1011 2407 1194 2449 obtentus]
1224 2410 1347 2442 Badius
1372 2412 1509 2452 exponit·
1531 2413 1574 2444 ad
1589 2413 1726 2445 obtinen-

930 2452 1008 2484 dum.
1055 2453 1126 2493 Ego
1140 2452 1189 2487 ita
1210 2452 1369 2493 intelligo,
1381 2459 1418 2486 ut
1428 2455 1551 2486 tabella
1564 2457 1657 2498 quasi
1670 2467 1724 2489 vc-

930 2495 998 2527 lum
1011 2495 1110 2527 fuerit
1124 2499 1160 2528 et
1171 2497 1421 2536 operimentum,
1437 2498 1496 2529 sub
1509 2507 1575 2540 quo
1591 2500 1726 2531 latitan-

930 2542 980 2570 tes
995 2539 1095 2570 libere
1119 2539 1276 2579 suffragia
1301 2550 1361 2572 sua
1383 2540 1531 2574 dixerint.
1576 2541 1727 2581 omnini,

928 2582 963 2614 id
975 2585 1038 2621 est,
1059 2583 1101 2614 od
1119 2581 1331 2614 obtendendum
1355 2587 1385 2615 et
1398 2583 1595 2625 obtegendum.

973 2627 995 2657 h
1012 2625 1054 2657 In
1075 2625 1291 2666 mdtuudineq
1307 2627 1395 2658 Istud
1412 2627 1489 2663 vero
1501 2627 1725 2669 disquisitione

929 2668 1035 2700 multa
1050 2678 1130 2709 opus
1145 2670 1256 2706 habet,
1278 2674 1380 2711 atque
1399 2679 1459 2710 pro
1473 2671 1648 2709 multiplici
1672 2681 1724 2705 re-

930 2721 1003 2744 rum
1019 2714 1058 2744 et*
1071 2721 1281 2752 personarum
1305 2713 1431 2746 ratione
1445 2717 1498 2746 est
1509 2713 1726 2747 limitandum.
