1884 3172
545 242 787 288 BELLUM
832 242 856 284 J
861 236 1271 284 UGURTHINU‘M
1279 271 1290 283 .
1646 239 1702 286 '67

64 371 167 402 num
182 357 438 417 pervenisse.
496 357 625 406 Quod
657 356 832 399 verbum
866 354 911 398 in
946 359 1098 412 pectus
1116 352 1141 394 J
1146 352 1341 410 ugurthae
1361 359 1377 377 ⁸
1390 351 1534 404 altius,
1565 353 1695 411 quam

63 415 289 472 quisquam
309 421 439 462 ratus,
467 413 706 457 descendit.
738 413 889 469 Itaque
906 425 961 453 ex
980 424 1033 452 eo
1052 416 1242 466 tempore
1256 408 1320 451 ira
1338 416 1383 451 et
1400 419 1518 452 metu
1532 411 1698 459 anxius,

63 472 216 520 moliri,
231 486 392 528 parare,
410 477 538 527 atque
566 485 617 512 ea
635 467 767 512 modo
795 467 841 510 iu
859 467 1001 510 animo
1016 466 1187 514 habere,
1205 465 1362 522 quibus
1382 466 1603 523 Hiempsal
1623 480 1698 522 per

60 527 207 568 dolum
227 534 459 584 caperetur.
518 526 625 575 Quae
645 525 707 568 uti
726 523 886 567 tardius
919 522 1172 580 procedunt,
1201 536 1340 578 neque
1357 522 1514 564 lenitur
1532 523 1698 564 animus

63 580 222 631 ‘’ferox,
240 584 391 626 statuit
399 582 550 639 quovis
560 583 688 624 modo
702 582 922 638 inceptum
933 580 1150 637 perficere.
1167 577 1312 620 Primo
1325 586 1554 627 conventu,
1601 594 1697 622 uem

64 638 119 680 ab
158 639 316 703 regulis
349 640 510 682 factum
543 637 674 695 supra
719 637 963 686 memoravi,
1000 641 1174 691 propter
1200 634 1509 677 dissensionem
1547 651 1575 691 p
1594 648 1697 678 acu*

64 701 157 737 erat
175 696 308 738 dividi
324 696 561 744 thesauros,
580 699 594 721 ¹
611 695 793 750 finisque
806 692 971 749 imperii
991 690 1171 747 siugulis
1189 690 1409 733 constitui.
1467 690 1695 748 Itaquerad

65 757 287 809 utramque
306 767 396 795 rem
410 757 578 808 tempus
597 749 852 798 decernitur,
873 748 951 790 sed
970 746 1174 789 maturius
1187 746 1243 788 ad
1258 746 1484 803 pecuniam
1495 747 1700 790 distribu-

65 808 233 851 endam.
281 807 440 859 Reguli
458 808 621 849 interea
634 807 680 848 in
699 806 795 848 loca
810 804 1048 860 propinqua
1059 803 1271 844 thesauris
1286 802 1395 845 alius
1407 803 1494 845 alio
1515 819 1697 846 conces-

62 878 173 906 sere.
234 865 319 906 Sed
350 855 576 920 Hiempsal
605 863 651 903 in
669 860 830 918 oppido
848 858 1070 901 Thirmida
1087 856 1198 901 forte
1228 859 1322 915 ejus
1342 860 1539 902 utebatur
1558 861 1701 909 domo,

64 920 139 976 qui
155 935 386 977 proxumus
405 923 420 944 ²
436 920 563 962 lictor
589 918 827 974 Jugurthae,
844 929 969 958 carus
987 921 1276 972 acceptusque
1295 915 1335 957 ei
1352 930 1520 973 semper
1538 916 1698 959 fuerat:

65 990 194 1032 quem
226 976 245 1001 ‘¹
258 977 331 1019 ille
350 991 454 1019 casu
484 974 724 1016 ministrum
762 973 954 1015 oblatum
988 971 1210 1028 promissis
1230 979 1391 1020 onerat,
1419 972 1700 1030 impellitque,

65 1030 129 1074 uti
147 1039 365 1090 tamquam
382 1044 503 1074 suam
524 1032 700 1074 domum
716 1029 860 1072 visens
881 1035 979 1070 eat:
1009 1034 1226 1083 portarum
1244 1029 1386 1071 claves
1402 1035 1418 1052 ⁸
1437 1030 1699 1071 adulterinas

62 1096 198 1145 paret,
230 1104 330 1131 nam
345 1103 453 1131 verae
486 1087 540 1130 ad
559 1087 852 1143 Hiempsalem
867 1085 1182 1127 referebantur:
1212 1084 1427 1134 caeterum,
1445 1085 1516 1127 ubi
1537 1098 1604 1128 res
1623 1101 1702 1143 po·

62 1145 255 1198 stularet‚
292 1144 509 1202 ‘seipsum
539 1158 639 1186 cum
657 1141 816 1199 magua
832 1147 1056 1184 venturum
1088 1154 1233 1182 manu.
1290 1140 1479 1184 Numida
1498 1143 1701 1184 mandata

64 1199 182 1244 brevi
202 1201 399 1253 conficit3
437 1208 583 1258 atque,
618 1198 682 1242 uti
697 1200 852 1241 doctus
871 1203 976 1247 erat,
995 1202 1128 1239 noctu
1147 1196 1371 1252 Jugurthae
1389 1197 1548 1240 milites
1567 1198 1699 1241 intro-

63 1257 199 1300 ducit.
256 1258 343 1307 Qui
380 1264 607 1322 postquam
639 1255 685 1297 in
719 1255 834 1297 aedes
865 1254 1064 1310 irrupere,
1091 1256 1108 1279 ²
1126 1252 1283 1295 diversi
1315 1267 1461 1317 regem
1498 1269 1702 1311 quaerere,

59 1313 309 1356 dormientis
342 1314 466 1363 alios,
494 1313 602 1356 alios
618 1310 883 1355 occursantis
914 1310 1180 1362 interficere;
1209 1316 1389 1352 scrutari
1407 1310 1505 1352 loca
1522 1311 1699 1359 abdita:

63 1371 210 1412 clausa
243 1370 465 1427 effringere
485 1385 495 1411 :
525 1368 706 1426 strepitu
740 1373 785 1410 et
813 1366 1001 1409 tumultu
1031 1366 1176 1408 omnia
1203 1365 1405 1410 miscere:
1435 1365 1534 1409 cum
1570 1366 1700 1411 inter-

61 1427 122 1468 im
141 1427 364 1484 Hiempsal
400 1426 619 1484 reperitur,
648 1422 873 1468 'occultans
892 1438 939 1465 se
967 1422 1137 1478 tugurio
1171 1422 1359 1465 mulieris
1397 1423 1580 1474 ancillae,
1609 1424 1699 1482 quo

64 1483 187 1526 initio
213 1484 408 1540 pavidus,
428 1491 473 1526 et
501 1483 674 1539 ignarus
693 1481 795 1529 loci,
813 1479 1074 1537 profugerat.
1131 1478 1332 1521 Numidae
1350 1486 1481 1537 caput
1499 1481 1536 1538 ej
1544 1496 1607 1530 us,
1639 1481 1701 1524 uti

56 1540 168 1596 jussi
188 1546 309 1582 erant
343 1540 399 1582 ad
435 1539 692 1596 ,Iugurtham
725 1537 926 1580 referunt.
985 1534 1198 1578 Caeterum
1228 1535 1341 1578 fama
1368 1536 1478 1578 tanti
1497 1537 1700 1580 facinoris

65 1610 141 1652 per
158 1610 328 1639 omnem
357 1595 551 1638 Africam
585 1592 703 1637 brevi
733 1593 978 1649 divulgatur
990 1608 1002 1632 ε
1033 1592 1326 1641 Atherbalem,
1356 1593 1596 1650 omnisque,
1625 1595 1696 1652 qui

64 1653 146 1694 sub
167 1652 366 1710 Micipsae
381 1652 558 1708 imperio
575 1652 756 1699 fuerant,
773 1657 911 1691 metus
931 1648 1108 1690 invadit.
1138 1648 1189 1689 In
1198 1649 1304 1690 duas
1316 1655 1458 1704 partes
1471 1649 1702 1693 discedunt

66 1708 290 1751 Numidae:
318 1710 460 1773 plures
479 1707 757 1750 Atherbalem
773 1711 1023 1762 sequuntur,
1042 1705 1118 1746 sed
1138 1704 1260 1746 illum
1278 1705 1458 1747 alterum
1475 1706 1591 1748 bello
1612 1722 1699 1749 me-

63 1765 206 1807 liores.
263 1765 401 1822 Igitur
435 1766 462 1807 J
468 1763 650 1820 ugurtha
668 1760 799 1820 quam
824 1775 1044 1803 maxumas
1061 1766 1205 1817 potest
1224 1760 1372 1816 copias
1392 1768 1550 1804 armat:
1581 1764 1698 1805 urbis

64 1821 218 1878 partim
236 1821 294 1871 vi,
313 1821 419 1864 alias
433 1821 668 1869 voluntate,
695 1817 873 1875 imperio
893 1831 971 1860 suo
991 1816 1218 1873 adjungit3
1254 1817 1370 1859 omni
1386 1817 1601 1860 Numidiae
1621 1819 1700 1861 im-

62 1892 207 1934 perare
225 1884 360 1935 parat.
391 1877 614 1924 Atherbal,
633 1875 804 1918 tametsi
822 1873 1007 1917 Romam
1017 1874 1184 1930 legatos
1198 1871 1387 1923 miserat,
1406 1874 1480 1932 qui
1501 1882 1698 1918 senatum

63 1934 268 1977 docerent
283 1935 338 1977 de
357 1935 475 1977 caede
495 1933 650 1982 fratris,
680 1938 725 1974 et
756 1931 938 1974 fortunis
958 1929 1047 1973 suis
1068 1946 1080 1983 3
1109 1936 1255 1972 tamen
1268 1929 1403 1972 fretus
1423 1931 1697 1974 multitudine

63 1990 260 2042 militum,
275 1991 454 2048 parabat
467 1989 594 2033 armis
612 1988 884 2040 contendere.
905 1987 994 2030 Sed
1004 1986 1079 2029 ubi
1092 2001 1159 2029 res
1174 1986 1453 2030 adoertamen
1463 1988 1596 2037 venit,
1610 1988 1698 2032 vic-

63 2053 133 2089 tus
153 2062 206 2090 ex
224 2047 375 2105 proelio
393 2047 583 2105 profugit
600 2046 646 2089 in
664 2052 681 2078 ⁸
699 2044 976 2103 provinciam,
1004 2057 1057 2086 ac
1075 2042 1233 2086 dehinc
1254 2043 1449 2089 Romam,
1460 2045 1697 2089 contendit.

61 2096 171 2147 Tum
188 2104 399 2162 Jugurtha
415 2107 432 2131 ³
445 2103 623 2162 patratis
640 2101 659 2128 ²¹
670 2101 878 2151 consiliis,
895 2105 1126 2157 postquam
1144 2099 1261 2144 omni
1276 2099 1484 2143 Numidia
1501 2101 1696 2159 potieba-.

316 2191 323 2193 -
695 2167 1063 2208 INTERPRETATIO.
1480 2199 1483 2203 ,

124 2233 133 2257 ¹
155 2232 327 2276 Placuit
343 2232 526 2276 terminos
533 2233 691 2290 imperii
707 2233 848 2290 singu-
962 2235 980 2259 ³
991 2230 1094 2273 Tum
1105 2229 1317 2288 Jugurtha
1329 2230 1501 2275 consiliis
1512 2232 1570 2275 ad
1561 2232 1694 2288 finem

60 2288 110 2332 lis
127 2291 207 2332 assi
233 2290 340 2332 nari.
904 2287 1119 2347 perducti-r,
1146 2289 1214 2339 ἃᾶ.
1567 2298 1570 2300 ·

117 2349 137 2374 ²
163 2346 204 2389 A
230 2347 254 2389 ‘i
292 2344 376 2389 alia
400 2360 531 2403 regem
574 2345 852 2403 quaesiverunt.

778 2416 975 2460 NOTAE.

106 2497 128 2519 a
147 2486 282 2528 Allifas-1
304 2488 339 2520 ld
357 2492 422 2527 est,
433 2488 662 2531 Eogmw’ssine·
675 2489 849 2522 vulneratus
948 2499 970 2520 e
989 2487 1215 2531 adulterim-1
1235 2489 1323 2522 Gau.
1344 2488 1515 2527 Datames
1526 2490 1609 2530 εἰῶ.

56 2530 139 2569 M.-
160 2532 318 2572 tantoque
332 2531 430 2563 altius
442 2532 548 2566 telum
561 2534 714 2573 infixum,
724 2533 849 2574 quanto
945 2532 964 2563 f
981 2531 1140 2573 δείματι]
1180 2534 1200 2565 J
1204 2533 1394 2573 ugurthnm.
1683 2555 1685 2557 ·

64 2572 191 2605 acutia·
203 2574 278 2605 fuit.
772 2588 774 2590 -
946 2585 969 2616 g
988 2573 1202 2616 noos-eim.)
1245 2576 1321 2607 noe
1348 2580 1409 2614 est,
1437 2577 1473 2607 in
1499 2586 1563 2608 m
1578 2575 1694 2615 Asn'eae

105 2615 128 2646 b
146 2614 272 2656 ferm]
310 2618 493 2657 sugunhae.
900 2621 1014 2657 partem
1025 2620 1091 2659 qua·
1098 2625 1157 2661 per
1177 2617 1329 2651 &aava
1338 2617 1540 2659 Magistrum
1549 2620 1696 2661 μόσυ-

89 2698 96 2705 ·
106 2667 127 2688 c
140 2657 271 2697 Liceat-1
285 2660 428 2691 netum
441 2663 534 2692 enat
541 2661 598 2702 qui
613 2660 763 2702 proxime
773 2661 850 2692 Ma·
901 2659 1002 2693 batur.

64 2703 246 2739 mmmm,
258 2701 310 2733 vel
322 2703 444 2746 Regem
458 2704 698 2744 phoedebaut.
744 2702 849 2743 nujus
947 2704 968 2735 h
990 2702 1154 2744 amium]
1195 2704 1291 2741 Qun,
1303 2702 1441 2744 scilieet,
1456 2703 1498 2735 de
1510 2704 1695 2745 opprimen-

65 2741 215 2817 (1Ἣὶ
210 2743 389 2828 quw-‘¹2
391 2746 426 2821 {a
434 2746 610 2789 hospitium
618 2750 850 2793 assumpserat.
904 2745 956 2777 dis
969 2744 1137 2787 fratribus,
1146 2749 1181 2782 et
1190 2754 1309 2780 corun
1318 2756 1419 2788 reguo
1430 2747 1619 2787 inv-deado,
1633 2747 1694 2779 ini·

272 2787 359 2832 11111
414 2797 446 2823 n.
906 2792 1013 2821 verat.
