1838 3158
363 209 694 274 GERARDUS
724 207 1046 254 JOHANNES
1076 209 1348 253 VOSSIUS.

31 327 184 375 tigisse3
225 328 381 377 Σαλεςίφ
409 345 452 376 τῃ
483 325 540 366 τὴν
559 324 680 374 {copim
705 326 954 373 ονγγςόψαντι.
1009 323 1067 360 Eo
1094 335 1192 360 anno
1221 323 1320 360 Milo
1346 322 1549 362 exulabat:
1582 323 1683 363 unde

30 380 285 428 consequitur,
313 377 415 428 quod
434 378 460 416 a
479 379 624 416 Milone
650 378 820 415 'l'ribuno
848 376 901 425 pl.
932 376 1044 426 virgis
1079 388 1220 414 caesum
1248 375 1479 421 dicebamus,
1507 376 1544 412 id
1571 386 1684 415 antea

31 432 250 480 coniugam
279 445 351 469 non
365 446 411 470 co
433 433 513 481 ipso
535 443 649 473 anno,
669 439 710 468 ut
730 431 785 467 vir
801 429 970 466 eruditus
990 431 1155 478 putabat.
1213 428 1333 466 Etiam
1351 428 1531 466 discimus
1549 428 1680 467 iisdem

32 498 78 521 cx
99 485 351 535 scriptoribus,
376 484 403 523 a
423 485 470 523 C.
487 484 593 525 ,lulio
611 483 774 526 caesare,
801 494 924 520 rerum
953 482 1083 532 potito,
1109 481 1331 531 dignitatem
1370 482 1603 520 Senatorium
1626 494 1686 520 τε·

33 537 242 586 «superasse,
267 546 565 588 quaestoremque
592 536 750 580 factum,
777 542 814 572 et
833 542 960 584 postea
977 533 1088 572 etiam
1109 543 1307 584 praeturam
1326 534 1541 572 obtinuisse.
1586 535 1686 572 Pm-

33 600 126 627 turae
146 591 368 628 mentionem
401 603 556 640 quoque
576 589 722 626 invenio
740 589 841 638 apud
862 587 1028 625 Hirtium
1050 587 1146 638 pene
1165 587 1271 624 initio
1296 587 1380 624 libri
1400 587 1446 624 de
1466 587 1565 624 bello
1587 587 1686 629 Afri-

32 654 128 680 cano
144 657 154 681 :
175 643 274 680 Item
294 643 337 680 C.
356 642 573 681 Sallustium
593 641 762 691 Crispum
776 646 973 690 proetorem
986 642 1037 677 ad
1047 639 1240 679 Cercinam
1254 640 1407 678 §undam
1419 641 1560 686 verns,
1577 653 1684 690 quani

33 696 236 733 adversarii
266 697 453 740 tenebant,
481 709 560 733 cum
593 701 702 744 parte
727 693 874 731 narium
892 693 1069 743 irejubet
1082 708 1100 737 ,-
1128 692 1226 743 qnod
1241 693 1294 731 ibn·
1310 705 1481 744 magnum
1498 705 1686 731 numerum

19 748 208 799 frumenti
226 761 305 786 esse
325 749 509 787 audiebat.
564 748 656 785 Item
678 746 778 797 apud
818 746 978 783 Dionem
1009 746 1074 782 lib.
1108 745 1235 783 XLII.
1260 746 1309 783 de
1345 746 1419 783 hoc
1446 747 1529 796 ipso
1562 746 1687 796 legnsz

33 799 216 850 ΣτςαΊηιγός
240 799 309 850 γᾶς
337 802 390 838 ἐπὶ
418 798 469 852 vy*
487 804 541 838 ‘nir
565 798 671 845 βελνῖι
695 795 881 837 duze-Cri»
913 794 1130 838 ἐποδὲδωιἹο.
1183 798 1322 836 Narrat
1340 798 1491 845 ibidem,
1520 805 1560 836 ut
1593 797 1686 838 cam

34 853 71 891 in
91 853 305 903 Campania
319 854 480 892 Caesaris
498 853 646 897 milites,
663 863 759 900 quos
773 851 810 887 iu
828 849 998 887 Africam
1016 850 1239 900 praemittere
1258 859 1446 899 statuerat,
1464 851 1684 891 seditionem

32 905 303 950 concitassenu
331 918 378 944 ac
413 905 611 944 Sallustius
641 912 779 954 praetor
803 903 965 940 Romam
984 904 1236 951 contenderet,
1262 903 1342 954 qu&
1362 905 1552 943 Caesarem
1570 905 1686 954 liujus

35 959 87 996 rei
107 959 241 998 faceret
261 960 480 997 certiorem:
515 958 790 1008 propemodum
811 955 921 993 suerit
937 957 1085 994 occisus
1102 954 1130 993 ἰ
1146 957 1404 1007 compluribus
1423 957 1599 1006 militum,
1617 961 1685 1010 qui

32 1025 119 1049 eum
131 1012 432 1061 insequebantur,
443 1023 513 1048 nec
524 1011 705 1061 cuiquam
718 1010 937 1059 parcebant,
949 1007 1028 1047 imo
1040 1010 1135 1047 duos
1144 1010 1258 1047 etiam
1269 1012 1690 1052 senatoresoccidmnt.

34 1065 150 1115 Apud
169 1065 326 1102 eundem
345 1064 409 1102 lib.
429 1063 579 1102 XLIII.
599 1063 767 1110 refertur,
788 1069 829 1099 ut
846 1062 975 1099 (ἴων
994 1062 1189 1100 Numidiae
1207 1063 1412 1114 praefecerit
1436 1064 1684 1114 Sallustium3

35 1118 95 1155 ille
106 1125 228 1155 autem
244 1118 476 1167 provinciam
489 1116 727 1167 expilaverit‚
745 1127 789 1152 ac
803 1113 829 1152 ὲ
844 1116 993 1153 Caesare
1010 1115 1163 1164 quidem
1178 1116 1289 1154 suerit
1306 1117 1499 1155 absolutus
1512 1132 1525 1163 ς
1542 1118 1607 1157 sed
1623 1118 1685 1159 in·

33 1170 184 1208 samiam
203 1183 276 1209 non
295 1171 490 1220 effugerim
518 1168 622 1220 quod
640 1169 705 1219 qui
724 1169 763 1205 in
782 1166 937 1209 historia
961 1169 1121 1206 acerbus
1137 1178 1230 1207 esset
1247 1169 1457 1208 alienorum
1471 1171 1689 1221 castigator,-

33 1223 187 1273 turpiter
205 1224 284 1274 ipse
303 1224 340 1261 in
360 1224 432 1262 boc
452 1235 605 1261 munere
623 1235 661 1262 se
681 1221 854 1259 dedisset.
908 1221 969 1258 Ex
1002 1218 1074 1258 hic
1098 1230 1224 1259 autem
1252 1220 1378 1273 praeda
1408 1223 1615 1266 Numidica
1631 1226 1685 1264 ita

30 1277 168 1314 ditatus
179 1275 305 1324 fuit‚ut
318 1277 356 1314 in
374 1276 564 1323 Quirinali
579 1282 704 1314 monte
717 1276 841 1312 forum
854 1280 1008 1317 emerat,
1022 1275 1123 1324 quod
1140 1275 1307 1313 Sallustii
1319 1284 1488 1323 vocatur,
1501 1277 1566 1315 ubi
1580 1289 1685 1318 nunc

33 1330 130 1368 tedes
160 1329 201 1368 S.
221 1331 427 1374 Susannae;
458 1329 547 1367 item
582 1329 722 1376 hortos,
751 1328 816 1379 qui
837 1326 1025 1378 hodieque
1044 1326 1261 1370 Sallustiani
1282 1329 1535 1369 nominantur.
1588 1331 1686 1371 Haec

33 1385 244 1430 ostendunt,
261 1383 374 1422 vitam
393 1382 475 1430 ejus
492 1381 677 1421 laudari&
693 1381 974 1432 nemineposse.
1016 1381 1167 1432 Nempe
1183 1381 1306 1420 omnis
1315 1382 1398 1432 ejus
1414 1383 1535 1433 gloria
1551 1381 1577 1420 ὲ
1594 1397 1688 1435 prae·

35 1436 145 1475 claris
171 1438 320 1486 scriptis
351 1436 615 1487 proficiscitur.
668 1435 741 1473 Sed
761 1434 824 1472 vix
853 1435 936 1484 ejus
962 1435 1167 1486 quicquam
1186 1433 1330 1486 integre
1347 1436 1394 1473 ad
1415 1449 1484 1475 nos
1502 1439 1690 1487 pervenit,

35 1497 167 1539 praeter
184 1490 324 1527 bellum
342 1489 365 1527 J
370 1489 614 1540 ugurtbinum
632 1495 669 1526 et
687 1486 950 1526 Catilinarium
966 1499 977 1523 z
998 1488 1054 1525 Ita
1071 1486 1187 1538 vulgti
1206 1489 1472 1528 inscribuntur.
1510 1490 1584 1528 Sed
1602 1504 1690 1542 pos-

34 1542 148 1580 terior
164 1543 327 1593 genuina
345 1542 553 1592 inscriptio,
583 1542 660 1580 DE
678 1540 1117 1591 CONJURATIONE
1137 1542 1512 1581 CATILINARIA.
1565 1543 1690 1584 Testis

35 1595 234 1634 Sallustius
246 1597 323 1646 ipse
334 1596 390 1633 his
402 1596 543 1633 verbis:
565 1594 697 1645 Igitur
703 1595 746 1631 de
761 1593 932 1632 Catilinoe
943 1594 1216 1643 conjuratione,
1228 1595 1337 1645 quam
1346 1596 1533 1633 verissime
1545 1603 1691 1646 potero,

30 1649 163 1708 paucis
182 1649 379 1687 absolvam.
426 1653 480 1686 At
498 1661 545 1686 cx
566 1648 681 1685 nobili
700 1646 940 1684 historiarum
960 1659 1088 1695 opere,
1105 1659 1183 1696 quo
1201 1648 1386 1698 imprimis
1403 1648 1567 1688 historici
1588 1651 1691 1700 prin·
1755 1685 1762 1690 ,

32 1702 130 1751 cipis
148 1714 284 1739 nomen
301 1700 452 1747 meruit,
470 1700 562 1738 nihil
578 1700 761 1738 habemus
779 1706 911 1750 praeter
929 1707 1091 1748 quatuor
1108 1700 1377 1749 oratiunculas,
1394 1702 1569 1751 epistolas
1582 1703 1693 1751 duas,

35 1762 71 1791 et
89 1755 215 1792 lacera
232 1754 375 1804 aliquot
392 1755 609 1803 fragmenta,
627 1764 714 1802 quae
734 1765 781 1789 ex
803 1751 1056 1801 grammaticis
1074 1753 1252 1803 antiquis,
1269 1761 1384 1804 atque
1402 1755 1486 1793 aliis
1504 1756 1694 1807 scriptori-

37 1807 119 1853 bus,
145 1808 305 1844 collecta
322 1814 421 1845 sunt.
478 1807 576 1844 Duae
595 1803 683 1843 vero
703 1805 750 1842 ad
770 1805 955 1842 Caesarem
972 1804 1171 1853 orationes,
1202 1814 1245 1845 ut
1262 1815 1410 1854 vocant,
1437 1809 1484 1846 de
1512 1809 1608 1860 Rep.
1626 1823 1690 1848 or-

35 1857 209 1906 dinandi,
228 1859 350 1898 utrum
372 1859 539 1898 Sallustii
557 1859 643 1903 sint,
661 1871 736 1896 non
755 1858 930 1895 convenit
947 1858 1042 1896 inter
1054 1859 1233 1897 eruditos.
1274 1860 1408 1898 Carrio
1428 1861 1608 1901 Sallustio
1624 1864 1692 1901 ab·

31 1912 204 1961 judicat;
221 1923 258 1950 et
277 1926 345 1962 pro
363 1913 429 1950 illo
447 1920 516 1958 est,
534 1910 639 1962 quod
659 1920 822 1948 veterum
839 1924 964 1957 nem0,
991 1911 1056 1961 qui
1077 1919 1268 1963 tantopere
1283 1913 1447 1963 gaudent
1465 1915 1688 1955 Sallustium

38 1966 84 2002 ad
105 1975 223 2015 partes
241 1968 438 2010 advocare,
455 1966 542 2003 inde
561 1964 705 2014 aliquid
723 1965 933 2014 depromat.
980 1964 1160 2003 Dissentit
1176 1976 1302 2004 autem
1315 1967 1463 2010 Douza,
1481 1969 1543 2006 cui
1561 1969 1689 2009 favent

39 2019 121 2056 libri
141 2028 225 2056 vett.
242 2027 279 2055 et
294 2019 409 2056 dictio
428 2019 521 2068 ipsa,
539 2030 639 2068 quae,
658 2017 840 2067 quicquid
858 2017 964 2055 dicat
992 2017 1140 2064 Carrio,
1165 2016 1278 2069 plane
1299 2019 1518 2058 Sallustium
1537 2022 1691 2063 redolet.

40 2071 103 2108 Sin
124 2073 296 2121 gcnuinae
314 2085 388 2109 non
407 2072 492 2117 sint,
510 2071 635 2121 negari
656 2078 780 2108 tamen
800 2083 873 2107 non
893 2070 1022 2119 possit,
1047 2069 1159 2109 valde
1183 2084 1261 2110 esse
1278 2073 1461 2124 antiquas,
1479 2082 1516 2112 et
1533 2076 1687 2126 quidem

38 2124 196 2168 Juliani,
218 2135 281 2161 aut
299 2125 493 2177 Augustaei
512 2125 608 2162 aevi:
646 2123 776 2161 saltem
797 2135 871 2161 non
890 2122 987 2161 infra
1006 2122 1242 2163 Flavianum.
1296 2125 1370 2164 Sed
1401 2127 1582 2177 genuinas
1607 2142 1688 2170 esse

37 2178 206 2221 arbitror,
224 2189 298 2214 non
317 2185 440 2215 tamen
461 2186 501 2214 ut
516 2178 701 2214 orationes
719 2189 798 2213 esse
813 2185 955 2227 putem,
970 2176 1033 2214 sed
1049 2178 1224 2228 epistolas
1238 2179 1434 2219 duntaxat.
1479 2181 1583 2220 Nam

38 2230 179 2267 terioris
194 2239 324 2267 auctor
343 2230 396 2267 bis
415 2231 483 2276 ait,
509 2243 547 2267 se
567 2230 631 2267 illa
650 2230 826 2274 scribere,
858 2241 903 2266 ac
922 2229 1085 2267 disertim
1106 2230 1229 2268 literas
1257 2233 1434 2282 appellat.
1490 2234 1687 2287 Planeque

39 2283 236 2321 verisimile
256 2291 324 2328 est,
353 2283 481 2320 missas
507 2296 586 2320 esse
604 2282 652 2319 ad
671 2282 872 2327 caesarem,
901 2281 992 2320 cum
1010 2283 1049 2319 in
1068 2283 1273 2334 Hispanias
1297 2293 1429 2324 contra
1445 2287 1631 2327 Petreium
1650 2298 1689 2329 et

43 2335 243 2373 Afranium
256 2336 574 2385 proficisceretur:
607 2335 925 2385 quemadmodum
944 2334 1176 2383 jamdudum
1209 2337 1437 2377 ciacconius
1467 2341 1688 2383 observavit.

42 2388 112 2425 Illa
129 2387 218 2427 vero
237 2390 275 2426 in
288 2390 508 2426 Ciceronem
524 2388 657 2433 oratio,
672 2387 738 2426 etsi
757 2386 782 2424 a
797 2389 827 2426 F
827 2388 914 2425 abio
932 2400 1084 2439 quoque
1103 2391 1468 2439 tanquamSallustii
1489 2393 1662 2435 laudetur
1673 2410 1687 2436 z

39 2449 175 2488 tamen,
202 2442 303 2492 quod
324 2455 379 2479 res
397 2443 549 2487 indicat,
570 2442 724 2478 omnino
750 2448 805 2477 est
834 2441 995 2490 alicujus
1024 2442 1311 2482 declamatoris:
1338 2446 1453 2483 credo
1471 2447 1597 2486 Porcii
1618 2450 1690 2488 La·

40 2495 167 2541 tronis,
193 2495 249 2532 vel
270 2496 418 2539 alterius
437 2495 615 2544 alicujus,
639 2507 688 2531 ex
706 2493 797 2540 illis,
822 2506 917 2543 quos
934 2495 1105 2532 nominat
1123 2496 1183 2534 M.
1202 2497 1345 2535 Seneca
1361 2499 1399 2536 in
1427 2499 1625 2550 suasoriis,
1648 2512 1687 2541 et

42 2545 321 2586 controversiis.
352 2548 475 2585 Fidem
489 2547 570 2596 ejus
585 2547 694 2584 valde
713 2547 977 2584 commendant
994 2548 1150 2597 antiqui.
1190 2549 1291 2587 Nam
1309 2552 1537 2590 certissimus
1553 2562 1690 2593 auctor

41 2598 178 2638 dicitur
194 2601 308 2638 Vibio
339 2602 526 2651 Sequestri
555 2601 602 2638 de
630 2601 659 2638 F
663 2601 879 2636 luminibus.
932 2600 1027 2638 Item
1059 2602 1291 2652 Hieronymo
1318 2603 1414 2642 libro
1431 2605 1478 2643 de
1496 2606 1590 2644 locis
1607 2608 1688 2646 He-

43 2652 188 2698 bra‘n‘cis,
204 2662 240 2691 et
254 2654 390 2691 exinde
414 2655 551 2691 isidore
568 2653 635 2691 lib.
656 2653 769 2690 XIII.
786 2665 875 2703 cap.
894 2654 976 2691 ssi.
1018 2655 1078 2690 Ad
1101 2655 1181 2692 haec
1199 2656 1410 2695 nobilitatae*
1420 2659 1594 2697 veritatis
1610 2661 1687 2698 leie-

43 2705 180 2743 roricus
201 2715 440 2757 nuncupatur
454 2708 500 2743 ab
519 2707 731 2756 Augustino
746 2706 814 2743 lib.
834 2711 867 2743 Ι.
880 2708 926 2743 de
940 2705 1099 2744 Civitatc
1116 2709 1203 2753 Dei,
1216 2721 1305 2758 cap.
1317 2723 1352 2750 v.
1388 2711 1557 2749 Avienus
1574 2713 1684 2750 etiam

43 2756 82 2794 in
97 2758 341 2807 descriptione
357 2773 431 2796 orae
452 2761 660 2805 maritimae,
677 2759 768 2796 dicit
785 2759 912 2795 omnia
928 2757 1028 2797 illius
1046 2761 1147 2798 dicta
1165 2774 1244 2798 esse
1257 2764 1512 2811 prcv‘udicatoe
1529 2768 1693 2803 auctori·

42 2811 488 2863 latis,appellatquoquc
502 2825 750 2862 expressorem
762 2812 1037 2862 efficacemstyli
1049 2819 1087 2851 et
1102 2814 1286 2852 veritatis.
1306 2816 1509 2863 objectant
1518 2816 1694 2857 adversus
