1838 3158
861 493 945 537 AD

404 707 411 714 .
535 631 1287 719 LECTOREM.

808 862 1005 881 -—-—-—-

79 1028 279 1124 QUIS
304 1027 451 1074 fuerit
475 1024 676 1087 Crispus
700 1023 978 1079 SallustiuS,
1011 1019 1307 1086 ante‘quam
1331 1023 1421 1071 tibi
1453 1025 1724 1082 sisteretur,

197 1093 482 1141 monendus
506 1107 652 1144 esses,
673 1091 836 1136 amice
854 1089 1041 1135 lector:
1078 1088 1179 1135 Sed
1202 1088 1325 1136 illud
1338 1090 1458 1152 quia
1472 1091 1560 1138 viri
1568 1092 1724 1155 juxta

75 1160 209 1207 docti
232 1169 282 1207 et
301 1159 525 1206 celebres
542 1156 743 1220 egregie
760 1156 1116 1217 praestiterunt,
1132 1167 1567 1213 supervacaneum
1580 1157 1726 1204 duxi-

73 1241 185 1272 mus
209 1241 383 1272 eorum
420 1224 552 1270 bene
593 1221 781 1283 scripta
816 1235 1092 1282 recoquere
1114 1237 1125 1265 z
1162 1218 1407 1283 Adeoque
1433 1238 1498 1268 ex
1536 1220 1648 1278 illis,
1685 1223 1726 1270 si

74 1290 232 1347 lubet,
257 1290 475 1338 auctoris
501 1288 655 1334 nostri
675 1297 726 1334 et
748 1287 901 1333 vitam
927 1295 978 1332 et
998 1301 1165 1332 mores
1189 1287 1503 1348 cognoveris.
1573 1286 1727 1336 Aliud

73 1365 163 1411 est,
182 1357 320 1420 quod
343 1355 373 1403 a
396 1354 541 1402 nobis
552 1354 687 1416 jure,
706 1352 987 1414 meritoque
1013 1360 1285 1413 expectes3
1321 1367 1613 1415 quemnam,
1632 1355 1725 1402 sci-

70 1423 206 1478 licet,
231 1439 298 1469 ex
314 1423 408 1468 hac
431 1420 560 1467 nova
578 1418 794 1466 Sallustii
816 1418 1055 1472 editione,
1074 1417 1295 1464 fructum
1314 1434 1526 1482 carpere
1546 1420 1719 1482 possis.

72 1487 381 1543 Institutum,
403 1488 659 1548 totiusque
679 1483 845 1545 operis
864 1482 1269 1545 designationem
1293 1484 1330 1530 si
1355 1492 1570 1547 spectes,
1596 1485 1721 1534 nihil

73 1569 178 1601 non
200 1569 406 1616 sperare
431 1552 649 1599 audeas:
684 1549 835 1604 Nam,
870 1548 1009 1611 quod
1043 1557 1163 1595 ante
1195 1549 1368 1596 omnia
1396 1551 1647 1598 monitum
1670 1560 1722 1598 te

70 1620 318 1675 volumus,
339 1635 441 1665 non
461 1618 702 1675 instinctu
722 1623 912 1670 nostro,
931 1614 1019 1660 sed
1038 1615 1390 1676 sapientissimi
1414 1616 1556 1662 ducis
1572 1617 1722 1664 Mon·

68 1686 289 1741 tauserii,
303 1682 602 1731 serenissimi
623 1679 863 1742 Delphini
874 1680 1206 1727 moderatoris
1210 1681 1232 1742 j
1240 1696 1374 1736 ussu,
1389 1682 1723 1746 consilioque,

70 1751 331 1806 eximium,
348 1765 410 1795 eo
430 1764 532 1811 quo
547 1746 739 1794 videbis
764 1753 963 1800 ornatu,
983 1745 1275 1792 historicum
1293 1746 1385 1792 tibi
1405 1748 1722 1796 exhibemus,

70 1815 181 1872 Ille,
215 1826 272 1862 ut
295 1823 370 1862 est
393 1813 531 1861 omni
557 1814 895 1859 humanarum
917 1811 1178 1872 literarum
1202 1812 1455 1875 elegantia
1471 1814 1722 1873 excultus,

68 1881 158 1928 ubi
177 1881 486 1928 instituendo
502 1878 717 1941 principi
735 1875 1035 1940 praepositus
1051 1886 1142 1934 est,
1158 1893 1383 1940 quonam
1407 1880 1722 1942 potissimum

68 1944 429 2010 modo‘singuli
446 1953 679 1992 auctores
701 1943 867 1999 fac‘ile,
890 1942 1205 2006 feliciterque
1232 1945 1540 2008 legerentur,
1563 1947 1723 2010 coepit

67 2013 316 2075 cogitare:
354 2027 469 2075 quae
490 2011 660 2057 lucem
683 2009 930 2056 adderent
951 2009 1230 2072 legentium
1251 2011 1452 2058 animis:
1488 2028 1603 2075 quae
1628 2013 1719 2063 im-

68 2077 693 2141 pedimentuminfe'rrent:
720 2092 884 2139 eaque
901 2075 1072 2122 omnia
1089 2076 1457 2133 animadvertit,
1481 2094 1596 2142 quae
1612 2095 1718 2127 non

68 2144 222 2191 modo
243 2143 542 2191 serenissimi
563 2143 822 2205 Delphini,
846 2142 935 2189 sed
958 2141 1166 2204 publica
1188 2143 1342 2190 etiam
1359 2144 1526 2193 studia
1532 2145 1717 2208 juvare

68 2208 291 2272 possent.
340 2209 470 2256 Duae
487 2217 604 2256 suut
618 2210 669 2256 in
682 2209 910 2272 legendis
929 2208 1221 2255 auctoribus
1237 2207 1575 2267 difficultates,
1599 2227 1716 2274 quae

67 2275 421 2323 festinantibus
437 2275 659 2322 etminus
676 2274 965 2322 exercitatis
981 2274 1244 2337 negotium
1257 2274 1535 2323 facessant:
1573 2276 1718 2325 Prior

67 2342 291 2412 quidem,
317 2357 470 2405 quam
489 2341 611 2388 facit
632 2341 740 2403 ipse
757 2355 920 2389 sermo
941 2348 993 2386 et
1010 2339 1164 2387 dictio
1174 2362 1190 2398 ;
1214 2356 1304 2388 seu
1323 2357 1439 2404 quae
1457 2357 1523 2389 ex
1540 2341 1716 2406 lingua

69 2415 121 2454 et
141 2407 382 2455 idiomate
402 2408 591 2454 oritur:
627 2405 738 2453 Alia
755 2407 890 2462 vero,
914 2422 1029 2469 quae
1064 2406 1214 2454 rebus
1241 2406 1359 2470 ipsis
1386 2406 1717 2467 adscribitur3

67 2488 195 2535 quas
217 2474 296 2521 vel
314 2473 478 2520 obiter
506 2473 576 2519 illi
600 2473 654 2519 in
689 2487 839 2519 cursu
855 2470 1110 2529 orationis,
1132 2471 1212 2520 vel
1235 2482 1482 2536 tanquam
1508 2474 1713 2523 abunde

65 2539 297 2601 cognitas
321 2539 626 2602 attige‘runt;
660 2538 832 2602 quavis
855 2538 919 2585 de
942 2538 1094 2585 causa
1117 2539 1355 2602 denique,
1378 2555 1482 2599 non
1507 2540 1624 2587 satis
1649 2542 1716 2588 ad

65 2614 275 2667 captum
294 2605 538 2661 omnium,
552 2605 951 2668 explicaverunt.
987 2603 1206 2652 Multam
1222 2605 1475 2668 equidem,
1496 2623 1714 2668 eamque

66 2671 288 2718 maxime
306 2671 616 2719 laudabilem
634 2686 843 2733 operam
870 2669 923 2716 in
959 2670 1036 2716 his
1058 2670 1308 2719 solvendis
1331 2670 1712 2720 difficultatibus

68 2737 450 2785 collocaverunt
471 2739 720 2785 hactenus
743 2736 833 2784 viri
857 2735 1202 2783 eruditissimi:
1235 2735 1320 2784 ‘At
1342 2752 1434 2785 suo
1458 2738 1590 2793 loco,
1615 2754 1711 2785 nec

67 2803 184 2850 satis
207 2803 472 2851 commode
496 2804 600 2852 visa
627 2804 744 2850 suut
774 2802 940 2866 posita
959 2817 1074 2865 quae
1092 2802 1163 2850 illi
1182 2804 1497 2868 caeteroquin
1518 2804 1710 2867 optime

872 2883 902 2913 a
