1884 3172
500 206 742 251 BELLUM
773 204 1232 248 JUGURTHINUM.
1434 252 1438 254 .
1607 206 1687 249 123

49 322 307 365 decreverat.
363 320 456 363 ‘Ea
474 332 541 363 res
562 318 718 362 frustra
737 318 831 361 fuit.
879 317 1047 360 Eodem
1065 324 1256 374 tempore
1274 316 1499 372 Jugurtha‚
1519 319 1688 362 amissis

48 379 213 426 amicis,
232 391 410 435 quorum
428 377 654 434 plerosque
688 375 780 433 ipse
809 380 1061 426 necaverat;
1091 373 1234 417 coeteri
1254 373 1495 421 formidine,
1516 389 1614 430 pars
1630 377 1684 418 ad

49 434 281 482 Romanos,
309 433 382 475 alii
414 435 468 475 ad
501 447 643 489 regem
675 432 894 474 Bocchum
915 430 1216 487 profugerant:
1248 429 1347 472 cum
1366 430 1688 493 neque-bellum

49 491 137 546 geri
160 491 250 532 sine
269 489 529 532 administris
580 495 710 538 osset,
729 496 774 532 et
791 501 996 530 novorum
1014 487 1157 535 fidem,
1176 487 1222 528 in
1239 485 1359 529 tanta
1377 486 1555 542 perfidia
1571 496 1689 530 vete-

48 561 152 595 rum,
190 546 370 603 experiri
400 547 546 602 pericu
565 559 688 587 osum
718 545 907 593 duceret,
947 543 1087 586 varius
1117 543 1390 599 incertusque
1420 543 1689 600 agitabatur:

47 617 185 660 neque
203 603 265 644 illi
285 617 367 652 res,
385 617 437 644 ne
471 617 525 644 ue
546 601 788 649 consilium,
818 607 894 643 aut
922 600 1149 656 quisquam
1184 600 1402 642 hominum
1420 601 1526 642 satis
1545 601 1689 656 place-

48 659 144 701 bat:
173 659 336 708 itinera,
355 673 442 716 prae
462 666 666 715 ectosque
700 658 745 699 in
778 657 872 713 dies
904 663 1068 699 mutare
1088 672 1098 699 ε
1129 655 1260 699 modo
1280 656 1507 698 advorsum
1527 657 1689 707 hostes,

46 715 258 758 interdum
279 716 321 757 in
342 715 595 758 solitudines
617 728 817 771 pergere:
848 728 960 771 saepe
990 713 1035 754 in
1070 712 1190 769 fuga,
1219 719 1264 755 at
1291 711 1395 769 post
1412 713 1542 769 paulo
1561 714 1607 756 in
1625 728 1695 756 ar-

48 773 129 815 mis
142 787 261 828 spem
276 773 456 814 habere:
494 771 689 814 dubitare
703 769 848 813 virtuti
862 768 1130 826 popularium
1144 784 1199 811 an
1214 769 1316 811 fidei
1331 769 1472 811 minus
1484 771 1694 814 crederet.

49 830 131 881 Ita,
150 828 422 886 quocumque
452 831 465 854 ¹
483 828 734 876 intenderat,
763 840 829 867 res
860 826 1051 868 advorsae
1082 832 1215 867 erant.
1273 825 1360 867 Sed
1379 825 1491 869 inter
1509 842 1582 869 eas
1598 842 1696 871 mo-

48 901 115 928 ras
136 884 309 943 repente
330 900 375 927 se
397 885 600 927 Metellus
619 898 717 926 cum
737 881 926 924 exercitu
946 881 1149 924 ostendit.
1198 881 1397 924 Numidae
1410 883 1465 925 ab
1479 883 1695 941 Jugurtha

48 958 125 1000 pro
145 950 334 999 tempore
353 940 503 998 parati.
521 938 802 995 instructique
821 944 947 980 sunt:
975 938 1076 980 dein
1101 938 1300 995 proelium
1317 938 1533 997 incipitur.
1590 939 1693 991 Qua

48 1001 92 1041 in
113 1006 231 1053 parte
249 1012 324 1040 rex
342 1011 497 1053 pugnae
516 995 653 1045 affuit,
667 996 728 1037 ibi
745 994 993 1051 aliquandiu
1014 994 1219 1037 certatum
1238 1011 1249 1037 ε
1270 996 1412 1038 caeteri
1430 1011 1577 1040 omues
1597 1000 1691 1055 ejus

48 1055 204 1097 milites
224 1054 359 1111 primo
377 1067 611 1110 congressu
625 1052 754 1109 pulsi,
766 1052 1015 1108 fugatique:
1037 1051 1219 1093 Romani
1237 1051 1469 1107 signorum,
1490 1062 1534 1096 et
1552 1070 1691 1098 armo-

48 1126 153 1159 rum,
182 1118 227 1153 et
250 1111 468 1166 aliquanto
498 1124 672 1152 numero
702 1108 890 1151 hostium
919 1107 1062 1165 potiti.
1120 1108 1232 1150 Nam
1262 1107 1393 1151 ferme
1415 1110 1624 1154 Numidas
1643 1113 1689 1154 in
1743 1126 1753 1133 ‘

50 1168 248 1211 omnibus
268 1167 430 1223 proeliis
456 1164 593 1221 magis
622 1166 755 1221 pedes
785 1163 916 1221 quam
935 1178 1051 1206 arma
1069 1171 1210 1206 tutata
1229 1172 1344 1207 sunt.
1403 1165 1471 1207 Ea
1490 1167 1595 1224 fuga
1613 1169 1691 1211 Ju.

50 1224 204 1281 gurtha
222 1221 602 1280 impensius‘modo
621 1222 750 1264 rebus
768 1221 858 1275 suis
874 1221 1088 1270 diffidens,
1105 1236 1203 1263 cum
1222 1221 1428 1278 perfugis,
1446 1232 1490 1265 et
1507 1232 1627 1280 parte
1646 1241 1693 1268 e-

50 1281 239 1338 quitatus
269 1280 312 1321 in
344 1277 614 1327 solitudines,
645 1277 747 1320 dein
781 1276 798 1301 ¹’
817 1277 995 1319 Thalam
1024 1277 1231 1333 pervenit,
1262 1278 1308 1320 in
1336 1279 1542 1335 oppidum
1570 1296 1694 1339 mag-

50 1353 167 1386 num,
188 1345 232 1379 et
251 1337 524 1392 opulentum:
554 1335 629 1378 ubi
660 1334 849 1391 plerique
880 1334 1084 1383 thesauri,
1117 1333 1387 1392 filiorumque
1419 1337 1513 1392 ejus
1531 1339 1691 1382 multus

50 1394 241 1450 pueritiae
261 1400 276 1417 ⁰
288 1393 430 1435 cultus
450 1400 554 1434 erat.
614 1391 723 1440 Quae
739 1399 969 1448 postquam
986 1390 1168 1433 Metello
1180 1398 1399 1448 comperta
1412 1401 1526 1442 sunt,
1542 1410 1691 1451 quam-

52 1460 177 1507 quam
199 1450 309 1492 inter
326 1449 503 1491 Thalam
531 1448 789 1504 flumemque
820 1461 1085 1504 proxumum,
1114 1447 1158 1489 in
1187 1449 1327 1505 spatio
1357 1449 1536 1492 millium
1566 1453 1692 1509 quin-

52 1507 269 1570 quaginta,
287 1507 384 1548 loca
403 1506 536 1554 arida,
552 1512 682 1562 atque
700 1511 822 1547 vasta
837 1519 932 1547 esse
952 1510 1225 1560 cognoverat,
1239 1511 1383 1548 tamen
1403 1521 1479 1563 spe
1495 1510 1693 1564 patrandi

52 1564 170 1610 belh,
199 1563 236 1606 si
269 1563 362 1619 ejus
395 1561 543 1618 oppidi
562 1562 725 1618 potitus
744 1561 868 1610 foret,
898 1560 1037 1603 omnis
1061 1561 1312 1618 asperitates
1331 1565 1626 1619 supervadere,
1644 1582 1698 1610 ac

52 1621 70 1645 ἀ
92 1628 282 1662 naturam
304 1619 431 1660 etiam
452 1618 619 1661 vincere
639 1617 898 1675 aggreditur.
957 1616 1094 1673 Igitur
1127 1617 1271 1660 omnia
1297 1619 1496 1674 jumenta
1514 1622 1694 1666 sarcinis

53 1676 182 1720 levari
206 1675 346 1740 jubet,
367 1674 450 1717 nisi
469 1675 680 1717 frumento
709 1674 874 1716 dierum
891 1687 935 1716 x·
957 1673 1157 1716 caeterum
1187 1681 1202 1699 ⁸
1221 1675 1326 1717 utris
1357 1676 1506 1726 modo,
1533 1685 1579 1721 et
1606 1680 1692 1723 alia

54 1748 176 1791 aquae
206 1734 360 1775 idonea
389 1730 561 1787 portari.
620 1731 833 1773 Praeterea
852 1730 1069 1786 conquirit
1087 1745 1139 1772 ex
1161 1731 1274 1788 agris
1305 1731 1436 1789 quam
1465 1734 1699 1790 plurimum·

53 1795 199 1848 potest
230 1787 381 1830 domiti
411 1787 605 1844 pecoris:
633 1801 770 1844 eoque
803 1786 987 1842 imponit
1004 1801 1108 1830 vasa
1129 1788 1337 1846 cujusque
1355 1790 1489 1840 modi,
1506 1792 1583 1835 sed
1602 1794 1694 1849 ple-

54 1861 184 1903 raque
215 1845 372 1901 lignea,
391 1844 574 1886 collecta
607 1859 661 1887 ex
695 1843 876 1899 tuguriis
910 1841 1207 1886 Numidarum.
1267 1846 1337 1887 Ad
1371 1846 1456 1889 hoc
1487 1847 1694 1893 finitumis

55 1904 248 1958 imperat,
267 1900 342 1958 qui
373 1915 420 1942 se
451 1907 551 1957 post
574 1900 687 1957 regis
707 1900 853 1956 fugam
873 1899 1056 1942 Metello
1075 1899 1296 1950 dederant,
1316 1901 1447 1959 quam
1464 1905 1694 1960 plurimum

54 1961 237 2016 quisque
265 1972 387 2015 aquae
406 1964 617 2013 portaret:
647 1956 763 1999 diem
796 1957 1038 2013 locumque,
1064 1957 1138 1998 ubi
1171 1957 1330 2014 praesto
1360 1959 1512 2010 forent,
1541 1964 1695 2019 praedi-

54 2017 130 2060 cit.
190 2015 289 2071 Ipse
307 2029 361 2057 ex
378 2013 567 2063 flumine,
582 2028 710 2071 quam
722 2027 972 2070 proxumam
986 2027 1141 2069 aquam
1156 2028 1211 2070 op
1244 2015 1316 2057 ido
1331 2030 1426 2060 esse
1445 2019 1574 2073 supra
1586 2020 1700 2063 dixi-

57 2088 166 2121 mus,
192 2072 387 2128 jumenta
416 2076 578 2113 onerat.
635 2071 702 2113 Eo
721 2070 851 2112 modo
876 2069 1109 2126 instructus
1128 2070 1184 2112 ad
1238 2071 1382 2116 'halam
1400 2075 1699 2130 proficiscitur.

59 2129 175 2171 Dein
192 2127 266 2169 ubi
287 2128 342 2169 ad
363 2126 408 2169 id
425 2127 511 2170 loci
531 2132 719 2178 ventum,
734 2125 822 2184 quo
838 2125 1037 2169 Numidis
1055 2135 1342 2185 praeceperat:
1360 2135 1405 2172 et
1423 2138 1564 2175 castra
1581 2134 1699 2191 posi-

695 2240 1062 2274 mTERPRE'rATlo.

221 2340 231 2360 ¹
253 2322 399 2391 Itaque
415 2332 659 2391 quocumque
676 2334 857 2377 animum
874 2341 1134 2386 converterat,
1151 2350 1212 2379 res
1229 2337 1401 2382 adversa:
1417 2347 1546 2383 erant.

780 2415 977 2490 NoTAE.
990 2498 998 2507 s

104 2548 125 2570 ι
141 2538 218 2577 Em]
259 2537 367 2574 Quod,
390 2535 557 2573 nimirum,
571 2541 701 2569 semus
715 2536 851 2575 Metaello
904 2540 934 2567 ee
947 2538 1151 2569 mercationem
1162 2540 1299 2579 pertinet.

61 2581 247 2613 Numidiam
263 2580 458 2612 decreverat.
947 2580 970 2611 d
984 2579 1161 2621 Nouum]
1183 2583 1253 2614 ⁴De
1272 2580 1427 2614 ariditate
1447 2583 1507 2615 loci
1528 2586 1694 2626 proecipue

106 2622 294 2663 b‘l'mlem]
338 2623 422 2654 Sati·
435 2625 564 2653 con-tat
577 2620 696 2653 Africae
712 2622 848 2662 propriae
903 2622 1106 2663 intelligitur.

62 2666 173 2698 urbem
182 2665 276 2696 fuisse
285 2676 301 2698 ι
314 2666 399 2697 Situs
411 2664 545 2705 precise
556 2674 618 2695 non
633 2664 845 2703 cognoscitur.
947 2675 966 2697 e
982 2664 1095 2706 Uitia]
1139 2667 1219 2698 Uter
1232 2666 1324 2708 peni·
1338 2672 1390 2699 est
1405 2669 1472 2710 qua
1486 2669 1694 2701 eontinentur

105 2717 124 2737 e
143 2707 272 2747 Cultus-1
294 2708 329 2739 ld
350 2712 412 2745 est,
433 2707 576 2748 Quicquid
593 2707 634 2738 ad
652 2708 850 2740 educationem
904 2708 1051 2749 liquores.
