1884 3172
563 192 807 272 BELLUM
840 223 1307 269 CATILINARIUM.
1697 223 1749 266 51

115 358 230 394 ceas,
247 343 318 387 alii
336 348 572 402 praeacutas
591 341 748 385 ‘sudes
768 339 1010 399 portabant.
1039 337 1128 381 Sed
1158 343 1386 396 postquam
1406 335 1622 380 Antonius
1657 350 1757 382 cnm

115 402 305 444 exercitu
323 401 596 449 adventabat,
615 398 804 442 Catilina
819 412 894 455 per
911 402 1083 439 montes
1099 395 1181 438 iter
1196 395 1357 438 facere:
1377 392 1509 436 modo
1522 394 1576 436 ad
1588 395 1752 445 urbem,

113 457 244 501 modo
260 458 309 500 in
330 458 516 500 Galliam
528 457 552 481 ‘¹’
563 454 724 505 versnS,
743 461 886 497 castra
902 466 1071 496 movere
1090 468 1102 504 3
1132 452 1331 494 hostibus
1353 451 1626 493 occasionem
1644 466 1752 508 pug-

111 515 240 557 nandi
254 530 340 558 non
353 516 466 557 dare.
517 513 727 570 Sperabat
745 510 994 576 propediem
1006 524 1184 565 magnas
1197 508 1345 566 copias
1369 522 1415 550 se
1434 507 1694 555 habiturum,
1715 508 1752 549 si

111 568 263 614 Romae
275 572 382 615 socii
402 572 575 627 incepta
599 575 897 627 patrav1ssent.
947 567 1115 608 Interea
1130 565 1303 608 servitia
1315 564 1584 621 repudiabat,
1603 570 1618 588 ⁰
1630 564 1697 619 cuj
1705 579 1753 606 us

110 628 234 671 initio
244 629 298 671 ad
315 644 412 671 eum
427 642 594 685 magnae
606 626 743 691 oopiae
756 623 1081 672 concurrebant,
1101 622 1256 680 opibus
1273 620 1581 679 conjurationis
1592 620 1726 663 fretus
1741 637 1754 672 3

109 685 237 727 simul
255 684 272 708 ‘¹
288 686 476 728 alienum
488 685 577 726 suis
593 682 831 726 rationibus
846 680 998 730 videri,
1015 693 1191 722 causam
1206 678 1365 722 civium
1377 693 1477 720 cum
1491 677 1625 720 servis
1637 677 1751 735 fugi-

107 741 208 784 tivis
221 741 578 785 communicasse.
609 741 710 788 Sed,
721 746 953 795 postquam
969 737 1014 778 in
1029 743 1170 778 castra
1184 736 1368 779 nuncius
1383 735 1591 792 pervenit,
1601 734 1753 777 Romae

109 800 448 856 conjurationem
467 799 754 863 patefactam;
775 796 828 837 de
847 794 1043 842 Lentulo,
1062 799 1107 835 et
1119 792 1330 850 Cethego,
1355 791 1622 849 caeterisque,
1643 806 1753 850 quos

110 855 240 913 supra
256 871 501 905 memoravi,
524 853 782 911 supplicium
797 856 1040 908 sumptum;
1061 850 1266 907 plerique,
1285 863 1395 914 quos
1407 848 1463 891 ad
1478 849 1638 891 bellum
1655 863 1754 907 spes

109 914 364 970 rapinarum,
376 919 450 955 aut
460 925 664 954 novarum
676 922 813 951 rerum
829 907 1017 950 studium
1034 907 1244 957 illexerat,
1262 906 1537 949 dilabuntur:
1566 906 1754 972 reliquos

100 970 299 1013 ,Catilina
315 984 392 1026 per
409 967 568 1011 montis
589 980 778 1031 asperos,
796 963 965 1022 magnis
987 963 1228 1013 itineribus,
1247 963 1293 1006 in
1314 977 1462 1020 agrum
1490 969 1505 987 “
1518 962 1755 1006 Pistorien-

107 1041 201 1069 sem
219 1026 409 1075 abducit,
429 1040 479 1067 eo
496 1025 691 1071 consilio,
710 1021 773 1065 uti
793 1037 870 1078 per
892 1021 1083 1064 tramites
1105 1021 1277 1064 occulte
1292 1020 1540 1086 profugeret
1555 1020 1599 1062 in
1615 1019 1755 1063 Galli-

108 1097 190 1125 am.
249 1084 311 1125 At
327 1083 381 1132 Q.
395 1082 600 1124 Metellus
617 1081 742 1122 Celer
762 1093 861 1121 cum
882 1079 1018 1121 tribus
1030 1078 1275 1135 legionibus
1290 1092 1335 1119 m
1354 1091 1459 1134 agro
1477 1076 1640 1120 Piceno
1649 1092 1756 1134 proe-

107 1140 293 1189 sidebat,
307 1155 359 1182 ex
379 1139 395 1167 s
410 1139 662 1181 difficultate
676 1150 813 1179 rerum
826 1135 977 1178 eadem
996 1135 1071 1177 illa
1091 1135 1370 1183 existumans,
1385 1139 1506 1191 ssquae
1516 1133 1646 1190 supra
1660 1134 1755 1177 dix-

108 1197 234 1245 imus,
251 1197 484 1239 Catilinam
501 1196 677 1252 agitare.
711 1193 862 1250 Igitur,
877 1192 951 1235 ubi
967 1192 1048 1235 iter
1059 1193 1152 1248 ejus
1169 1206 1221 1234 ex
1233 1191 1423 1248 perfugis
1444 1205 1496 1233 co
1530 1190 1662 1240 novit,
1682 1206 1754 1234 ca·

109 1262 195 1295 stra
209 1255 388 1311 propere
411 1253 565 1303 movit;
597 1267 648 1294 ac
668 1251 748 1293 sub
766 1250 871 1306 ipsis
891 1249 1108 1292 radicibus
1123 1249 1334 1291 montium
1353 1262 1485 1291 conse
1518 1248 1566 1296 it,
1585 1246 1674 1304 qua
1691 1248 1757 1292 illi

109 1311 342 1353 descensus
358 1311 505 1353 eratin
522 1309 708 1351 Galliam
727 1305 987 1364 properanti.
1046 1304 1200 1363 Neque
1221 1312 1366 1348 tamen
1387 1303 1602 1347 Antonius
1622 1303 1755 1362 longe}

108 1368 267 1416 aberat,
300 1367 318 1391 ¹¹
334 1373 482 1424 utpote
512 1366 602 1423 qui,
631 1378 789 1421 magno
810 1362 1016 1411 exercitu,
1045 1363 1154 1405 locis
1183 1366 1198 1389 ¹
1214 1361 1476 1419 aequioribus
1505 1360 1755 1418 iexpeditos

108 1425 153 1466 in
173 1425 318 1482 fugam
337 1431 600 1483 sequeretur.
649 1422 737 1464 Sed
761 1420 965 1469 Catilina,
987 1426 1217 1478 postquam
1231 1420 1355 1468 vidit,
1372 1418 1607 1468 montibus,
1625 1425 1755 1477 atque

108 1482 246 1539 copiis
265 1482 455 1524 hostium
476 1495 569 1524 sese
583 1480 791 1527 clausum,
811 1477 857 1519 in
876 1477 980 1520 urbe
989 1491 1055 1519 res
1071 1478 1286 1527 adversas,
1307 1491 1447 1534 neque
1466 1476 1595 1533 fugae,
1614 1490 1755 1535 neque

107 1542 124 1565 2
139 1539 326 1596 praesidii
351 1540 481 1581 ullam
502 1552 648 1594 spem:
680 1542 903 1592 optumum
922 1535 1042 1576 factu
1060 1541 1177 1576 ratus
1196 1534 1243 1576 in
1262 1533 1339 1576 tali
1355 1543 1401 1576 re
1421 1534 1636 1576 fortunam
1650 1534 1756 1576 belli

108 1603 287 1645 tentare,
307 1596 459 1638 statuit
478 1593 670 1638 Antonio
690 1590 821 1649 quam
840 1590 1023 1648 primum
1044 1591 1288 1648 confligere.
1361 1590 1515 1648 Itaque
1545 1590 1755 1634 concione

109 1652 334 1701 advocata,
351 1650 649 1709 hujuscemodi
670 1649 908 1692 orationem
927 1647 1105 1690 habuit:

170 1709 426 1765 compertam
451 1723 526 1764 ego
547 1708 686 1756 habeo,
713 1705 872 1759 milites,
898 1705 1022 1748 verba
1053 1704 1151 1747 viris
1169 1704 1359 1747 virtutem
1376 1719 1459 1747 non
1473 1703 1620 1746 addere
1632 1722 1648 1751 ,·
1681 1720 1752 1748 ne-

106 1783 183 1824 que
199 1782 248 1809 ez·
275 1765 292 1791 ¹¹
306 1768 456 1824 ignavo
472 1773 694 1817 strenuum,
730 1777 854 1819 neque
865 1761 1026 1819 fortem
1043 1775 1092 1804 ex
1121 1763 1136 1788 ¹
1156 1761 1298 1804 timido
1316 1762 1545 1811 exercitum,
1574 1761 1754 1804 oratione

741 1877 875 1909 INTER
882 1874 1112 1908 PRETATIO.

165 1955 177 1978 ¹
215 1952 360 2009 Utpote
399 1952 472 2010 qni
513 1958 772 2010 sequerentur
808 1949 903 1994 locis
946 1948 1083 2007 fugae,
1110 1963 1237 2008 neque
1255 1948 1388 1994 tutelae
1403 1948 1533 1994 ullam
1549 1964 1657 2007 spem
1678 1963 1749 2002 ⁴re-

102 2010 358 2068 planiorilms
375 2009 420 2053 in
432 2008 593 2067 fugam
607 2015 829 2065 promptos.
959 2021 1136 2050 manere.
1601 2011 1604 2015 “

164 2071 180 2095 ²
199 2068 425 2125 Postquam
444 2065 630 2110 Catilina
646 2066 750 2109 vidit
778 2079 904 2123 neque

827 2151 1023 2195 NOTAE.
1192 2181 1226 2199 n>

123 2254 125 2256 .
152 2237 172 2258 a
187 2225 308 2267 suaet]
329 2225 465 2257 Pei-tica
476 2228 553 2257 suut
566 2229 684 2264 acute,
700 2228 862 2267 praeustae.
998 2234 1019 2264 g
1032 2224 1106 2256 Q
1133 2224 1224 2266 supe&
1249 2224 1400 2265 dis-imm]
1457 2226 1538 2257 Haec
1574 2225 1684 2263 verba,
1714 2224 1747 2256 in

149 2271 168 2301 b
191 2268 330 2322 Versat]
353 2268 548 2300 Adverbium
562 2273 622 2300 eat.
954 2270 1096 2307 textum,
1119 2277 1161 2299 ex
1175 2268 1346 2308 marginali
1362 2268 1440 2301 nota
1454 2269 1620 2309 irrepsisse
1636 2268 1746 2299 viden-

104 2309 823 2395 tiozggffiigqigfflaefflgefflem
845 2321 898 2342 m·
954 2314 1021 2383 tmli
1037 2334 1145 2394 Πέρσα
1161 2352 1238 2395 qui]
1259 2354 1333 2385 Non
1363 2354 1500 2386 refertur
1524 2353 1566 2385 ad
1586 2355 1745 2394 integram

148 2400 170 2430 d
186 2398 352 2437 Alienum]
373 2397 548 2435 Nimirum,
570 2397 656 2428 istud
680 2406 736 2428 eos
749 2397 892 2428 deterru·
952 2397 1160 2436 sententiam,
1183 2397 1240 2428 sed
1266 2397 1394 2430 tantum
1417 2399 1458 2429 ad
1481 2398 1614 2429 verbum
1633 2395 1743 2428 aberae.

107 2442 193 2479 isset,
229 2442 286 2483 qui
325 2441 440 2472 Romae
475 2439 639 2471 occultius
660 2438 896 2479 conjurationis
951 2438 1052 2473 Quasi
1068 2438 1216 2477 dixisset,
1229 2438 1330 2482 Neque
1339 2444 1436 2472 lamen
1450 2439 1598 2472 Antonius
1609 2440 1693 2480 longe*
1707 2450 1742 2469 a·

106 2490 199 2516 erant
213 2485 385 2523 participes
399 2495 410 2516 ι
435 2483 590 2514 Dicerent
615 2483 715 2519 enim,
744 2481 826 2514 Quid
843 2492 896 2513 nos
953 2481 1044 2519 beret,
1053 2491 1222 2523 quamquam
1238 2482 1340 2514 aberat
1354 2487 1461 2521 tmen,
1488 2486 1588 2524 utpote
1597 2484 1665 2525 qui,
1682 2484 1741 2517 dcc.

107 2528 158 2558 ista·
177 2528 332 2558 colluviem·
349 2525 567 2558 immiscebimus
578 2525 597 2556 3
640 2525 764 2558 Deinde
790 2524 896 2556 minus
952 2525 1025 2557 Non
1042 2525 1154 2564 placet
1163 2526 1235 2557 haec
1249 2526 1407 2557 scribendi
1422 2525 1514 2557 ratio.

107 2569 256 2602 catilina
272 2579 407 2602 causam
417 2568 590 2600 defendere
605 2569 805 2608 potuissent:
833 2576 896 2599 nec
994 2568 1004 2599 i
1031 2567 1215 2610 Expeditae]
1256 2569 1319 2601 Qui
1340 2579 1447 2610 neque
1468 2568 1616 2608 sarcinis,
1637 2576 1742 2609 neque

107 2612 195 2644 locus
211 2614 295 2644 ullus
310 2613 514 2646 excusationi
526 2611 660 2643 relictus
673 2612 797 2643 fuisset.
952 2611 1119 2643 armatura
1130 2612 1233 2651 gravi,
1252 2612 1361 2643 onusti
1376 2616 1484 2644 erant.

149 2665 169 2687 e
183 2653 416 2694 Pistoriensem]
439 2656 475 2686 ln
506 2654 641 2686 Etruriae
670 2659 768 2695 parte
796 2654 895 2686 Occi·
996 2655 1017 2686 k
1041 2652 1186 2694 Ignarum]
1207 2654 1301 2687 Quod
1317 2655 1358 2686 ad
1373 2663 1504 2696 corpus.

106 2698 240 2735 dentali,
261 2699 304 2730 ad
315 2698 499 2739 Appennini
517 2698 636 2730 montis
650 2698 787 2730 radices·
996 2697 1009 2728 1
1034 2695 1174 2736 Umida]
1194 2697 1287 2731 Quod
1301 2698 1342 2729 ad
1358 2697 1504 2730 animum
1518 2697 1671 2730 refertur.

149 2740 166 2772 f
181 2739 366 2780 Diffitauoeoe
393 2739 519 2783 rema]
577 2740 714 2782 Quibus,
758 2739 896 2778 scilicet,

108 2782 247 2815 Catilina
261 2784 504 2816 circumventa·
519 2786 603 2815 erut.

954 2823 1055 2866 D2
