1838 3158
650 202 744 251 AD
780 199 1168 250 LECTOREM.

80 343 301 387 tractum
314 335 580 392 voluimus,
596 333 752 398 quod,
765 331 961 381 utenda
974 347 1091 396 quae
1111 331 1180 380 illi
1197 331 1250 380 in
1264 331 1435 383 lucem
1450 337 1737 395 ediderunt,

83 418 149 451 ea
164 416 258 451 nos
272 416 339 449 ex
353 401 554 450 illorum
566 399 883 463 benignitate
901 397 1231 446 hauserimus,
1267 398 1349 446 Ita
1362 403 1480 449 vero
1497 419 1648 467 agere
1662 421 1739 452 sa-

84 466 184 516 tius
216 466 324 516 sore
348 466 506 515 visum
538 473 628 522 est,
666 467 838 529 quam,
859 471 918 511 ut
953 462 1037 510 alli
1069 462 1376 522 factitarunt,
1409 467 1608 532 singula
1640 472 1740 518 suis

86 532 381 585 auctoribus
414 532 707 580 attribuere.
772 530 925 586 Nam,
947 536 1236 578 uttaceam
1261 532 1399 593 quod
1430 534 1642 595 prolixae
1668 545 1741 583 est

85 598 222 650 istud
255 598 568 672 quandoque
597 594 973 659 disquisitionis,
997 594 1199 652 nullius„
1223 603 1313 643 aut
1347 601 1486 646 certe
1515 601 1739 649 minimae

88 664 348 722 utilitatis3
371 678 591 727 pronum
614 669 705 717 est,
728 661 789 707 ea
812 659 1089 722 diligentia,
1110 659 1165 707 in
1189 677 1319 719 eam,
1342 679 1497 727 quam
1519 667 1741 715 maxime

87 728 335 786 vitaveris,
368 728 596 777 indicere
630 725 1085 789 vituperationem:
1135 725 1340 789 Quippe
1374 745 1529 792 quem
1575 734 1741 781 statim
1780 774 1789 778 ,

87 794 325 844 malevoli
346 793 509 843 furem
523 791 908 856 appellaverint,
931 790 970 838 si
989 791 1128 854 quid,
1147 793 1412 854 quod2tute
1427 796 1561 843 bene
1585 814 1743 846 anno·

87 859 288 917 tavcris,
310 859 411 916 alii,
439 875 567 923 quos
590 857 795 921 quidem
830 872 1096 920 nunquam
1119 857 1314 915 videris,
1340 867 1458 908 ante
1494 870 1546 908 te
1577 864 1746 912 obser-

87 925 329 976 vaverint.
393 924 722 973 Tentavimus
740 921 991 986 siquidem
1008 938 1077 970 ex
1095 924 1302 987 proprio
1324 940 1481 974 censu
1500 931 1750 977 nonnulla

88 991 183 1040 tibi
197 990 584 1048 eruere,lector:
600 988 789 1038 exinde
803 996 975 1036 tamen
990 987 1195 1036 laudem
1211 990 1403 1039 nullam
1413 1008 1745 1057 aucupamur.

92 1054 311 1116 Minima
326 1064 460 1114 sunt,
483 1071 616 1120 quae,
631 1064 690 1102 tu
707 1054 819 1110 nisi,
839 1069 932 1116 pro
951 1054 1038 1101 tua
1056 1054 1313 1118 aequitate,
1336 1074 1402 1105 ex
1419 1058 1554 1106 bona
1578 1063 1748 1108 nostra

94 1122 354 1172 voluntate
375 1122 580 1170 metitus
603 1120 772 1176 fueriS,
803 1119 888 1168 vix
919 1119 1100 1167 tantilli
1124 1136 1232 1168 esse
1255 1124 1404 1184 pretii
1427 1124 1745 1175 confitemur.

94 1187 336 1237 Fructum
366 1189 502 1245 vero,
539 1201 883 1251 magnamque
918 1183 1104 1232 laboris
1138 1187 1294 1234 nostri
1320 1191 1626 1249 mercedem,
1661 1194 1746 1255 qui

95 1269 191 1302 nos
213 1253 499 1310 stimulavit,
523 1252 775 1308 aculeum,
797 1250 1154 1299 benefaciendi
1176 1253 1415 1310 studium,
1434 1256 1579 1304 nobis
1602 1258 1748 1305 duxi-

95 1334 236 1368 mus:
272 1327 330 1367 ut
353 1320 481 1384 jam,
504 1318 544 1367 si
567 1318 691 1382 quid
715 1317 783 1366 ad
810 1325 863 1365 te
885 1317 1149 1379 perveniat
1171 1321 1480 1383 compendii,
1503 1323 1748 1388 voluptati

99 1393 284 1435 nostrae
307 1385 523 1436 accedat
543 1384 792 1433 cumulus.
861 1381 962 1431 Diu
985 1385 1103 1432 vero
1125 1385 1442 1451 multumque
1466 1388 1593 1438 vale.
