1884 3172
839 216 1052 272 mpssx.

113 335 261 379 Bonus
280 335 469 394 gratuito
490 349 616 379 nemo
634 334 728 377 vult
745 347 856 383 esse,
885 331 960 376 ubi
980 330 1118 374 malos
1136 328 1311 388 praemia
1330 338 1585 387 sequuntur,
1607 332 1689 376 165
1742 359 1744 361 -

114 393 285 436 Bonum
303 393 524 452 publicum
549 391 717 450 privato
735 388 1113 448 anteponendum:
1145 400 1408 445 quamquam
1441 387 1529 430 hoc
1562 404 1664 432 cum
1682 380 1764 432 iilo

170 458 318 507 potest
335 449 572 499 conciliari,
590 449 678 491 219

112 505 343 556 Bruttium,
359 507 431 555 33.
450 506 606 559 iz201.
620 520 650 548 n

114 562 337 621 Bithynia,
360 562 453 607 173.
475 577 506 620 g
912 608 969 662 c·

108 691 326 734 cAESAR
345 691 548 734 Pontifex
567 690 793 741 maximus,
813 689 886 732 38.
929 688 985 731 Εἰ
1000 687 1184 730 Catulus
1203 694 1250 731 et
1268 685 1374 730 Piso
1392 685 1566 739 infensi,
1601 701 1755 744 quam-

165 748 327 798 obrem,
358 748 423 791 11).
482 748 594 791 Eum
631 748 786 791 Cicero
833 745 947 788 inter
975 745 1222 801 conjuratos
1260 758 1349 787 nou
1391 743 1487 786 vult
1522 744 1759 793 nominare,

165 804 233 847 lb.
292 804 346 846 Ei
366 806 560 848 nonnulli
579 805 746 862 equites
765 803 912 860 gladio
942 801 1207 853 minitantur,
1234 801 1308 844 39.
1365 799 1474 857 Ejus
1503 800 1656 852 oratio,
1681 802 1755 843 40.

164 862 278 904 Cum
293 862 461 905 Catone
481 868 765 919 comparatur,
792 860 867 902 49.
924 858 1096 901 Bellum
1114 858 1296 901 aliorum
1314 872 1423 915 pace
1456 857 1629 899 mollius
1658 872 1754 914 ges-

164 918 236 970 sit,
265 919 365 960 210.
425 919 647 961 Creditum
666 932 754 960 non
773 915 1004 966 condonat,
1035 914 1101 956 lb.
1160 914 1212 957 Iu
1231 914 1422 957 adversis
1440 915 1647 971 majorem
1661 914 1756 956 ani-

109 1032 146 1073 C
164 975 424 1074 Tumbogberit,
451 976 552 1018 216.
612 974 824 1017 Gallicam
843 979 1017 1030 gentem
1035 971 1223 1028 subegit,
1250 972 1337 1014 224

150 1047 174 1073 a
192 1046 230 1079 e,
348 1063 357 1073 .
378 1047 421 1074 m

109 1088 267 1144 Capsa,
300 1089 394 1130 136.
453 1089 494 1131 A
517 1087 658 1137 Mario
676 1087 867 1137 incensa,
903 1086 985 1129 138

107 1145 273 1201 Capua,
302 1146 377 1188 23.
397 1145 425 1187 d

55 1219 60 1225 ·
106 1203 268 1259 Capys,
298 1203 399 1245 205.
420 1217 446 1245 c

69 1282 73 1283 ν
106 1259 264 1307 Carbo,
292 1259 373 1301 211

108 1316 286 1357 Cassius
307 1316 361 1358 ad
375 1315 631 1372 ,Iugurtham
650 1315 847 1364 mittitur,
876 1312 930 1356 91

106 1372 433 1422 Catabathmos,
464 1374 534 1415 75.
799 1422 801 1424 .

105 1428 307 1478 Catilina,
335 1431 378 1471 5.
419 1429 484 1470 ll.
589 1428 731 1471 uiuam
763 1427 827 1470 illi
865 1427 1024 1479 favent,
1059 1427 1126 1469 14.
1186 1426 1330 1470 Prima
1363 1428 1457 1484 ejus
1490 1428 1747 1482 conjuratio,

167 1487 233 1527 15.
290 1485 641 1543 Repetuudarum
658 1499 754 1528 reus
774 1484 1045 1527 consulatum
1078 1490 1224 1541 petere
1258 1485 1523 1541 prohibetur,
1551 1483 1618 1528 [ὁ.
1675 1485 1747 1527 Ad

158 1543 405 1599 conjuratos
442 1542 678 1585 orationem
713 1541 859 1591 habet,
891 1541 962 1584 16.
1018 1540 1108 1583 Eos
1148 1542 1367 1597 quomodo
1405 1542 1645 1591 confimat,
1677 1543 1747 1584 19.

163 1599 295 1642 Arma
314 1614 390 1657 per
410 1598 578 1641 Italiam
598 1606 731 1655 parat,
759 1599 833 1640 20.
890 1597 1099 1640 Mulieres
1116 1597 1200 1639 sibi
1228 1597 1428 1648 adscivit,
1457 1598 1751 1655 quamobrem,

161 1656 234 1698 21.
263 1655 463 1699 Ciceroni
477 1655 657 1698 insidias
671 1661 808 1712 parat,
836 1669 934 1712 quae
948 1653 1060 1697 male
1088 1654 1263 1705 cadunt,
1284 1655 1355 1697 Ib.
1386 1653 1593 1698 Iucendia
1611 1662 1749 1712 parat,

160 1713 231 1755 22.
293 1713 343 1754 In
363 1719 560 1755 senatum
578 1712 710 1763 venit,
739 1713 808 1753 35.
869 1711 920 1753 In
941 1718 1082 1754 castra
1113 1711 1323 1754 Malliana
1349 1712 1649 1769 proficiscitur,
1680 1712 1748 1754 171.

160 1769 325 1812 Scribit
343 1785 388 1812 se
408 1769 453 1811 in
473 1770 647 1812 exilium
668 1768 909 1811 Massiliam
929 1768 1004 1820 ire,
1032 1769 1104 1810 27.
1163 1768 1275 1824 Ejus
1307 1769 1503 1826 epistola,
1531 1770 1603 1811 28.
1661 1769 1758 1811 Im-·

191 1826 266 1868 erii
286 1826 473 1884 insignia
492 1826 636 1875 sumit,
659 1827 731 1868 29.
789 1825 843 1867 Εἰ
863 1825 987 1882 plebs
1006 1824 1135 1873 favet,
1163 1825 1235 1867 30.
1293 1825 1464 1869 Deinde
1489 1826 1584 1883 ejus
1603 1826 1748 1868 consi-

158 1842 218 1924 iia
247 1890 482 1933 execratur,
524 1883 598 1924 37.
657 1883 856 1932 Quantus
893 1881 1018 1924 initio
1052 1882 1146 1939 ejus
1176 1881 1405 1935 eXercstus,
1433 1883 1505 1925 50.
1562 1882 1748 1925 Servitia

158 1940 369 1996 repudiat,
397 1940 468 1982 51.
528 1939 581 1982 In
608 1939 795 1982 Galliam
822 1939 1048 1996 profugere
1077 1944 1231 1990 tentat,
1257 1937 1328 1981 lb.
1387 1939 1641 1994 Orationem
1669 1939 1749 1983 ha-

157 1996 235 2038 bet
252 1997 307 2039 ad
325 1997 497 2044 milites,
516 1996 583 2039 lb.
614 1996 769 2039 Aciem
785 1996 972 2048 instruit,
990 1995 1061 2038 53.
1093 1996 1280 2053 Pugnat,
1299 1996 1370 2038 54.
1398 1997 1615 2048 Vincitur,
1632 1998 1690 2039 55

103 2053 228 2102 Cato,
256 2054 329 2096 44.
386 2053 494 2110 Ejus
514 2053 665 2102 oratio,
694 2053 761 2095 lb.
820 2053 1055 2095 Decretum
1073 2053 1124 2094 fit
1149 2052 1324 2095 senatus
1343 2052 1458 2098 sicut
1474 2054 1549 2096 ille
1567 2068 1748 2097 censue-

158 2117 238 2157 rat,
265 2109 339 2153 48.
397 2109 470 2152 Ab
489 2124 542 2152 eo
556 2109 682 2152 multi
701 2108 893 2160 mactati,
922 2109 1022 2152 218.
1080 2107 1249 2160 Qualis,
1276 2110 1365 2152 222
1501 2122 1508 2128 ·

5 2204 15 2209 ,
103 2166 286 2214 Catulus
306 2180 383 2208 cur
404 2165 564 2208 Coesari
583 2166 791 2216 infensus,
819 2166 877 2208 38

102 2222 195 2264 Cea
213 2220 368 2274 insula,
396 2222 497 2264 204.
516 2222 546 2264 d

102 2278 371 2327 Chalcedon,
405 2279 500 2322 190.
519 2279 543 2321 f

99 2335 360 2392 Charybdis,
388 2336 487 2379 202.
505 2351 530 2378 e
1509 2365 1522 2377 .

101 2392 258 2436 Cicero
276 2393 430 2436 consul
449 2407 550 2436 cum
568 2391 776 2444 Antonio,
807 2392 880 2435 21.
921 2392 1122 2437 Catilina
1139 2392 1321 2437 insidias
1371 2401 1567 2444 roecavet,
1584 2397 1657 2448 21,
1671 2399 1744 2442 22.

157 2449 244 2492 Per
262 2448 456 2492 Fulviam
470 2450 564 2507 ejus
582 2449 765 2492 consilia
784 2449 1027 2506 cognoscit,
1043 2448 1111 2493 lb.
1140 2449 1210 2492 De
1225 2449 1280 2493 iis
1299 2466 1326 2494 a
1384 2458 1581 2495 senatum
1601 2454 1744 2503 refert,

156 2506 227 2548 23.
287 2506 547 2564 conjuratos
565 2506 618 2549 ad
641 2521 688 2549 se
709 2512 850 2555 vocat,
875 2506 949 2549 86.
1007 2506 1062 2550 In
1098 2513 1295 2551 senatum
1326 2507 1464 2561 ducit,
1492 2507 1560 2551 Ib.
1619 2510 1743 2554 Civis

103 2562 490 2663 C'll‘ffltithiz’d23&
544 2562 830 2607 Testamentis
849 2563 1084 2608 amicorum
1100 2564 1296 2622 locuples
1314 2565 1470 2616 factus,
1486 2566 1569 2608 231
1689 2600 1693 2601 ⁷

145 2633 160 2659 ι
178 2633 277 2672 icta,
362 2622 370 2634 “
391 2651 403 2661 .

100 2673 280 2728 Cimbri,
297 2677 367 2719 54.
387 2677 429 2719 b.
467 2676 562 2720 161.
580 2676 610 2719 h

101 2730 257 2781 Cinna,
291 2733 389 2776 168.
403 2733 433 2775 b

100 2787 238 2839 Cirta,
266 2787 336 2831 80.
375 2790 668 2890 Ιὲὃδιιςιιτώἂ
686 2790 922 2844 obsidetur,
950 2792 1023 2835 81.
1081 2792 1149 2836 Ibi
1170 2792 1358 2850 proedam
1380 2791 1586 2835 Metellus
1605 2790 1754 2834 collo--

160 2851 342 2895 caverat,
814 2883 816 2885 .
872 2882 878 2886 .
953 2883 955 2885 ,
1361 2875 1370 2881 ,
