1838 3158
675 216 767 265 AD
805 211 1196 272 LECTOREM.

115 352 438 417 scripserunt.
507 348 696 417 Eorum
712 351 850 399 enim
865 350 1258 399 commentarios
1273 348 1362 398 ubi
1379 350 1632 414 inspicias,
1645 366 1762 415 quae

117 417 183 467 ad
208 418 398 467 nudam
423 432 605 465 vocum
631 426 682 464 et
705 416 899 480 phrasis
922 416 1183 479 pertinent
1216 414 1653 479 significationem,
1678 425 1768 464 aut

115 484 427 548 peculiarem
442 481 684 531 sermonis
700 482 1115 537 declarationem,
1140 496 1203 528 ea
1218 496 1334 530 cum
1357 483 1579 531 ulteriori
1596 499 1762 531 rerum

117 550 440 598 enarratione
478 548 757 596 commixta
796 547 1049 595 invenies:
1104 546 1182 594 Ex
1207 562 1310 610 quo
1334 549 1508 606 oritur,
1540 558 1614 605 ut,
1647 550 1766 596 cum

116 614 339 680 aliquam
365 630 430 662 ex
456 614 532 661 his
557 613 688 661 notis
712 613 964 675 inspicere
989 612 1253 678 velis,0non
1278 629 1341 662 ea
1360 614 1497 677 prius
1515 624 1767 671 occurrat,

117 683 270 745 quam
286 680 338 727 in
356 679 480 736 aliis,
495 687 674 726 contra
685 678 838 725 animi
853 678 927 724 tui
944 678 1266 734 desiderium,
1277 687 1480 742 tempus
1495 695 1765 743 consump-

116 746 251 795 seris.
317 745 398 793 Ne
422 745 543 809 quid
563 744 809 807 ejusmodi
834 744 1074 800 eveniret,
1099 744 1302 807 egregie
1327 745 1544 809 providit
1561 746 1634 793 vir
1650 762 1768 809 pru-

116 811 450 861 dentissimus
515 809 1259 874 Namqueinterpretationem,
1282 826 1398 874 quae
1425 811 1488 859 ad
1510 827 1692 860 vocum
1718 821 1769 859 et

114 877 361 927 sermonis
376 875 498 924 facit
513 875 946 939 explanationem,
965 879 1231 923 seorsuma
1250 877 1525 940 notis,quae
1544 893 1620 925 res
1634 878 1769 941 ipsas

117 944 355 994 evolvunt
376 941 767 1006 proponendam
783 940 1034 989 decrevit:
1069 940 1179 988 Nisi
1196 941 1343 999 forte,
1367 943 1679 1007 quandoque
1704 943 1770 991 ad

115 1018 281 1066 notas,
292 1008 510 1058 ma'ores
521 1006 800 1072 nonnullae,
811 1007 948 1054 circa
963 1006 1257 1065 dictionem,
1265 1005 1589 1056 difficultates
1600 1019 1768 1058 essent

112 1073 353 1124 'retrahen
393 1089 456 1122 ae.
526 1072 823 1136 Designavit
844 1073 1069 1135 insuper,
1092 1075 1194 1137 quo
1220 1074 1394 1122 omnia
1411 1074 1575 1138 primo
1599 1076 1767 1123 statim

114 1140 303 1189 intuitu
327 1147 673 1195 occurrerent,
697 1146 755 1187 ut
778 1139 911 1186 notis
928 1139 1257 1187 arithmeticis
1274 1140 1406 1197 loca,
1421 1140 1508 1188 ubi
1524 1141 1770 1205 interpre-

113 1206 311 1257 tatione
327 1221 457 1270 opus
466 1213 613 1263 esset,
624 1205 998 1263 indicarentur3
1018 1205 1279 1268 alphabeti
1292 1207 1643 1263 autemliteriS,
1653 1224 1769 1271 quae

116 1281 263 1339 notas
284 1279 570 1336 poscerent.
642 1270 847 1318 Minuta
876 1272 993 1318 vero
1021 1273 1131 1319 haec
1155 1280 1288 1329 sunt,
1323 1288 1439 1336 quae
1481 1273 1643 1335 primo
1685 1274 1771 1321 de-

114 1338 353 1388 lineantis
371 1337 599 1386 animum
623 1347 1020 1401 occupaverunt.
1056 1337 1209 1385 Aliud
1226 1339 1329 1385 una
1352 1347 1403 1386 et
1419 1339 1598 1387 eadem
1616 1341 1770 1403 opera

117 1404 183 1453 ab
206 1405 317 1469 ipso
342 1403 612 1469 quaesitum
638 1411 739 1461 est3
774 1403 996 1460 ubertas,
1021 1403 1231 1460 scilicet,
1255 1413 1306 1452 et
1326 1405 1571 1453 sermonis
1604 1406 1771 1469 copia.

120 1470 236 1520 Non
253 1470 390 1519 enim
405 1470 605 1518 tantum
620 1469 671 1517 in
691 1469 1111 1531 interpretatione
1137 1486 1227 1518 suo
1253 1486 1464 1535 quoque
1485 1480 1536 1519 et
1556 1472 1772 1519 naturali

115 1536 231 1586 loco
257 1535 592 1584 restituendas
615 1535 778 1583 voluit
803 1544 972 1598 partes
996 1536 1237 1583 orationis
1252 1536 1506 1600 singulas3
1542 1538 1772 1585 nomina-

113 1604 273 1652 tivum
289 1611 407 1650 ante
426 1602 654 1658 verbum,
670 1601 860 1648 deinde
880 1603 1243 1659 accusativum,
1259 1605 1352 1650 &c.
1370 1603 1458 1651 sed
1470 1620 1775 1668 synonyma,

116 1668 447 1718 obscurarum
457 1666 1099 1731 vicepraesertim‚aliarum
1111 1668 1268 1716 etiam
1278 1684 1460 1717 vocum
1470 1670 1776 1717 substituen-

119 1735 187 1784 da
199 1733 392 1783 statuit:
433 1732 502 1781 Ut
515 1733 606 1790 sic,
620 1741 731 1781 tum
750 1748 925 1781 sensus
949 1733 1251 1781 clarissimus
1268 1744 1531 1798 appareat,
1544 1744 1654 1783 tum
1672 1751 1776 1783 ver-

116 1800 302 1851 borum
316 1799 387 1848 vis
403 1809 454 1847 et
474 1799 681 1863 propria
695 1796 997 1863 significatio
1013 1799 1339 1862 dijudicetur,
1355 1800 1776 1864 abundantiaquc

119 1866 414 1916 inducatur:
435 1866 762 1929 Quamquam
775 1881 843 1913 ex
859 1865 1021 1928 poetis
1038 1865 1121 1913 hic
1136 1865 1328 1913 fructus
1343 1866 1438 1914 erit
1452 1867 1611 1914 multo
1628 1867 1778 1915 uber·

123 1932 290 1983 rimus,
328 1931 561 1980 Restabit
585 1931 725 1980 aliud
748 1930 891 1988 nihil,
914 1931 1008 1979 nisi
1031 1940 1141 1979 tum
1159 1931 1286 1989 utili,
1308 1940 1518 1997 tamque
1534 1932 1776 1981 laudabili

122 1998 333 2048 consilio
360 2014 568 2047 manum
610 1998 896 2046 admovere.
968 1996 1099 2045 Rem
1123 1999 1242 2046 vero
1267 1998 1446 2061 ipsam,
1484 2008 1541 2046 ut
1563 1999 1777 2056 videtur,

120 2065 176 2118 in
198 2081 252 2114 se
277 2064 472 2128 recepit
491 2072 663 2128 gratus
691 2064 940 2113 bonarum
957 2063 1218 2111 literarum
1242 2065 1447 2127 genius:
1471 2062 1659 2113 'Nama
1675 2081 1777 2128 quo

122 2129 349 2195 incoepto
366 2132 622 2179 retrahere
634 2132 918 2194 impensam
937 2129 1212 2178 maximam
1230 2130 1389 2194 quivis
1404 2131 1716 2188 credidisset,
1733 2132 1778 2180 ei

124 2196 197 2249 rei
221 2213 286 2246 ne
311 2196 575 2245 minimum
601 2197 814 2260 quidem,
833 2195 1019 2244 obtulit
1040 2196 1478 2260 impedimentum.
1527 2197 1777 2246 Nimirum

123 2263 178 2313 in
203 2278 265 2311 ea
286 2272 519 2327 tempora
541 2263 825 2319 incidimus,
850 2262 1034 2327 quibus
1069 2279 1243 2327 regum
1267 2261 1779 2322 munificentissimus,

125 2328 492 2393 hominumque
515 2329 898 2386 oculatissimus,
920 2328 1191 2393 imperium
1223 2329 1435 2378 obtinet.
1502 2327 1631 2379 Cum
1657 2346 1778 2392 ergo

127 2395 234 2445 dux
247 2394 600 2445 illustrissimus
611 2394 663 2442 M
670 2395 988 2443 ontauserius
1005 2395 1069 2444 ad
1088 2396 1293 2444 honoris
1308 2412 1507 2445 sumum
1525 2396 1779 2459 fastigium

125 2461 647 2525 sublatu3,1ectusque
667 2461 798 2510 inter
822 2463 1060 2524 proceres
1076 2460 1181 2521 fide
1208 2477 1269 2510 ac
1293 2463 1543 2525 sapientiai
1569 2462 1780 2525 praecel-

125 2526 305 2585 lentes,
340 2543 467 2593 quos
489 2543 677 2591 magno
725 2543 936 2582 numero
979 2527 1131 2575 hodie
1156 2528 1433 2591 praesertim
1461 2528 1619 2577 habet
1643 2528 1778 2576 alma

128 2589 314 2650 Gallia,
347 2594 499 2657 regiae
527 2592 767 2657 Delphini
793 2593 1091 2642 institutioni
1125 2593 1461 2652 incumberet,
1497 2612 1559 2643 ea
1584 2591 1780 2658 perfici-

127 2659 263 2710 enda
272 2660 482 2715 curavit,
498 2675 613 2723 quae
631 2661 748 2707 ante
765 2660 1101 2730 cogitaverat:
1127 2659 1500 2709 Studiosissime
1515 2660 1652 2724 apud
1672 2676 1779 2708 om-

128 2742 217 2777 nes
239 2725 481 2779 literatos.
518 2727 648 2774 intra
676 2735 727 2773 et
745 2735 890 2773 extra
918 2726 1058 2790 regni
1083 2723 1227 2783 fines,
1264 2726 1596 2791 requirendos
1609 2726 1779 2790 jussit,

126 2793 258 2841 viros
273 2790 486 2843 instituti
510 2791 582 2839 sui
609 2790 960 2850 administros;
998 2809 1126 2855 qnos
1164 2790 1522 2848 beneficentia,
1558 2801 1610 2841 et
1637 2792 1776 2841 omni

121 2857 291 2907 favore
307 2857 520 2906 clientes
542 2874 656 2905 suos
679 2856 811 2906 fecit.
848 2857 1108 2914 Quantum
1129 2858 1194 2906 de
1219 2858 1366 2908 bonis
1392 2859 1560 2914 literis,
1602 2859 1768 2906 litera·
