1884 3172
559 217 644 261 DE
673 216 811 261 REP.
839 213 1233 258 ORDINANDA.
1636 215 1720 259 219

71 334 119 377 iu
139 333 314 376 civitate
330 339 348 356 ²
366 330 556 375 secessio
581 330 677 379 fuit,
693 341 946 386 semperque
974 327 1215 371 nobilitatis
1232 341 1339 385 opes
1357 327 1591 371 deminutae
1602 335 1720 379 sunt,

73 398 119 432 et
130 391 204 446 jus
225 389 373 447 populi
389 387 713 445 amplificatum.
761 386 849 429 Sed
868 385 1021 443 plebes
1040 383 1094 427 eo
1115 383 1251 427 libere
1268 384 1476 442 agitabat,
1486 385 1597 441 ,quia
1620 386 1723 428 nul-

72 447 157 489 lius
177 446 370 504 potentia
388 459 518 502 super
535 445 655 500 leges
676 450 793 494 erat3
823 457 965 500 neque
985 441 1162 490 divitiis,
1176 448 1253 484 aut
1269 440 1487 498 superbia.
1506 443 1583 484 sed
1604 442 1723 485 bonfi

71 503 203 553 fama,
242 503 454 559 factisque
483 501 680 550 fortibus,
710 500 871 543 nobilis
908 499 1147 556 ignobilem
1183 498 1407 542 anteibat:
1457 498 1723 543 humillimus

77 561 260 618 quisque
289 560 335 602 in
363 560 381 584 δ
399 559 541 611 armis,
569 566 645 601 aut
672 556 843 606 militia,
862 557 1023 599 nullius
1043 556 1237 599 honestae
1265 555 1326 598 rei
1346 570 1496 613 egens,
1515 556 1622 598 satis
1641 556 1726 598 sibi

74 617 280 674 satisquae
297 615 459 673 patriae,
475 622 584 661 erat.
644 615 746 664 Sed,
774 613 849 657 ubi
864 629 941 657 eos
960 613 1168 671 paulatim
1185 613 1391 671 expulsos
1409 613 1539 669 agris,
1557 613 1727 663 inertia,

70 681 203 731 atque
236 673 389 730 inopia
419 674 605 725 incertas
634 673 788 715 domos
807 671 966 714 habere
1002 669 1204 728 subegit3
1234 670 1407 727 coepere
1426 670 1589 714 alienas
1619 685 1726 728 opes

73 739 233 787 petere,
262 731 504 776 libertatem
529 744 652 772 suam
671 742 771 772 cum
785 727 1008 786 republica
1032 728 1229 781 venalem
1260 728 1434 770 habere.
1490 727 1559 770 Ita
1576 728 1727 785 paula-

70 788 150 832 tim
168 789 369 845 populus,
383 787 457 845 qui
473 787 673 830 dominus
692 793 798 835 erat,
812 794 859 828 et
875 784 1046 828 cunctis
1060 785 1264 841 gentibus
1282 784 1573 842 imperitabat,
1585 785 1725 843 dilap-

71 860 148 887 sus
168 852 258 887 est:
289 853 334 888 et
350 860 428 902 pro
448 844 665 890 communi
698 843 892 900 imperio,
918 842 1118 899 privatim
1152 842 1236 884 sibi
1270 841 1455 899 quisque
1473 842 1726 887 servitutem

73 902 254 966 peperit.
314 902 423 945 Haec
440 901 571 965 igitur
598 900 830 943 multitudo
850 898 1033 956 primum
1060 899 1187 941 malis
1206 899 1399 945 moribus
1433 899 1612 949 imbuta,
1648 900 1724 943 d'e·
1750 917 1759 925 ³

70 960 174 1004 inde
211 959 258 1001 in
273 966 400 1007 artes,
430 966 627 1015 vitasque
659 957 797 1000 varias
815 962 832 979 ⁶
850 956 1078 1013 dispalata,
1114 956 1236 999 nullo
1257 956 1386 999 modo
1412 956 1526 1000 inter
1550 971 1598 999 se
1619 971 1724 1000 con·

70 1030 242 1070 gruens,
261 1015 411 1074 parum
423 1015 530 1057 mihi
549 1014 725 1073 quidem
744 1014 903 1056 idonea
920 1013 1090 1056 videtur
1119 1013 1175 1056 ad
1195 1014 1508 1071 capessendam
1524 1015 1720 1072 rempub.

68 1073 301 1122 Caeterum,
319 1071 482 1117 additis
499 1071 623 1115 novis
643 1071 826 1120 civibus,
858 1085 1018 1127 magna
1029 1086 1099 1114 me
1118 1085 1218 1128 spes
1237 1077 1372 1120 tenet,
1403 1071 1511 1121 fore,
1544 1079 1594 1115 ut
1628 1086 1722 1115 om-

73 1144 153 1174 nes
171 1130 521 1188 expergiscantur
531 1130 587 1172 ad
602 1129 845 1175 libertatem
862 1143 873 1171 :
903 1128 1065 1186 quippe
1083 1127 1184 1170 cum
1203 1127 1290 1171 illis
1304 1128 1518 1172 libertatis
1536 1128 1725 1172 retinen·

72 1186 158 1236 dae,
193 1195 286 1230 tum
316 1187 384 1229 bis
415 1186 632 1230 servitutis
670 1186 933 1234 amittendae,
964 1199 1067 1233 cura
1085 1185 1260 1227 orietur.
1318 1186 1413 1228 Hos
1437 1200 1520 1242 ego
1554 1201 1728 1236 censeo,

107 1245 311 1287 ermixtos
331 1259 430 1287 cum
445 1244 663 1287 veteribus
677 1258 828 1293 novos,
846 1243 893 1284 in
912 1242 1096 1285 coloniis
1116 1241 1384 1294 constituas3
1414 1243 1480 1285 ita
1497 1250 1542 1286 et
1559 1258 1627 1286 res
1646 1244 1730 1299 mi-

73 1259 212 1347 iiteris
228 1301 472 1359 opulentior
487 1301 583 1351 erit,
601 1308 646 1344 et
662 1299 815 1358 plebes
846 1299 973 1343 bonis
988 1299 1176 1357 negotiis
1210 1299 1420 1356 impedita
1435 1301 1598 1343 malum
1616 1301 1728 1359 pub-

73 1358 208 1406 licum
227 1359 367 1401 facere
398 1358 582 1402 desinet.
642 1358 730 1401 Sed
762 1372 850 1400 non
878 1357 1042 1400 inscius
1060 1372 1202 1414 neque
1221 1357 1470 1414 imprudens
1489 1373 1599 1408 sum,
1628 1358 1728 1402 cum

74 1430 131 1462 ea
159 1430 228 1458 res
261 1424 438 1474 agetur3
468 1431 565 1474 quae
595 1415 775 1465 saevitia,
810 1429 959 1472 quaeve
982 1421 1262 1472 tempestates
1279 1415 1503 1458 hominum
1521 1415 1734 1459 nobilium

77 1473 231 1517 futurae
249 1473 365 1526 sint;
394 1473 493 1517 cum
512 1473 853 1532 indignabuntur
870 1472 1017 1514 omnia
1030 1472 1226 1515 funditus
1255 1472 1441 1521 misceri,
1459 1470 1650 1530 antiquis
1668 1474 1733 1517 ci·-

79 1529 364 1573 vibusdhanc
384 1531 632 1574 servitutem
645 1530 824 1587 imponi,
860 1544 1041 1586 regnum
1074 1529 1261 1586 denique
1298 1545 1353 1572 ex
1389 1529 1527 1572 libera
1556 1530 1732 1574 civitate

78 1587 270 1630 futurum
288 1587 364 1630 ubi
402 1588 530 1630 unius
557 1603 732 1631 munere
761 1586 993 1629 multitudo
1028 1587 1183 1644 ingens
1219 1588 1266 1628 in
1284 1586 1505 1630 civitatem
1523 1602 1731 1645 pervene-

78 1644 145 1690 rit.
206 1645 420 1702 Equidem
441 1660 524 1702 ego
558 1645 623 1688 sic
641 1645 757 1702 apud
797 1643 988 1686 animum
1019 1658 1163 1686 meum
1181 1650 1341 1693 statuo,
1369 1645 1531 1687 malum
1561 1645 1731 1689 facinus

81 1701 123 1742 in
163 1716 209 1743 se
252 1703 532 1751 committere,
581 1703 655 1760 qui
698 1701 974 1744 incommodo
1011 1701 1115 1758 reip.
1161 1700 1343 1757 gratiam
1384 1701 1468 1744 sibi
1510 1703 1730 1747 conciliet.

76 1766 93 1781 ²
114 1757 200 1799 Ubi
230 1759 391 1801 bonum
411 1760 631 1823 publicum
662 1759 790 1802 etiam
806 1758 1003 1815 privatim
1024 1759 1130 1801 'usui
1157 1765 1237 1806 est,
1255 1759 1300 1800 id
1318 1758 1419 1801 verb
1439 1759 1637 1802 dubitare
1656 1775 1734 1818 ag-

79 1816 215 1871 gredi,
263 1817 486 1864 socordiae,
531 1825 661 1874 atque
696 1816 879 1874 ignaviae
906 1816 1033 1858 duco.
1092 1815 1159 1858 M.
1199 1815 1319 1858 Livio
1358 1814 1373 1840 f
1389 1816 1534 1860 Druso
1564 1832 1733 1875 semper

76 1872 308 1916 consilium
341 1874 437 1922 fuit,
469 1874 515 1916 in
546 1875 766 1916 tribunatu
797 1871 966 1915 summa
998 1887 1081 1929 ope
1100 1873 1180 1915 niti
1210 1888 1287 1930 pro
1305 1873 1560 1926 nobilitate3
1590 1890 1732 1932 neque

80 1930 210 1971 ullam
231 1945 318 1973 rem
335 1931 379 1972 iu
399 1931 610 1988 principio
638 1945 763 1989 agere
796 1929 1007 1979 intendit,-
1027 1930 1112 1971 nisi
1141 1930 1205 1971 illi
1225 1937 1422 1973 auctores
1441 1932 1619 1974 fierent:
1650 1933 1729 1975 sed
1784 1937 1788 1957 τ’

80 1987 275 2029 homines
303 1995 319 2019 ⁸
339 1988 525 2037 factiosi,
544 1988 702 2046 quibus
722 1988 866 2036 dolus,
899 1993 1030 2044 atque
1064 1987 1244 2037 malitia,
1277 1987 1364 2030 fide
1400 1989 1564 2031 cariora
1597 1996 1733 2043 erant,

82 2044 156 2085 ubi
197 2044 513 2095 intellexerunt,
569 2061 645 2102 per
693 2059 825 2087 unum
864 2044 1084 2087 hominem
1127 2043 1146 2068 ¹¹
1181 2059 1430 2087 maxumum
1476 2046 1733 2089 beneficium

80 2100 227 2142 multis
263 2102 515 2144 mortalibus
553 2103 674 2156 dari3
701 2101 904 2144 videlicet
923 2107 968 2144 et
1002 2101 1014 2124 ¹
1032 2100 1116 2143 sibi
1150 2102 1335 2159 quisque
1366 2103 1583 2153 conscius,
1613 2105 1728 2147 malo

731 2174 1103 2206 INTERPRmArlo.

84 2231 94 2258 ¹
115 2229 179 2277 Et
191 2230 337 2275 scilicet
354 2232 519 2290 quisque
536 2232 712 2274 conscius
748 2233 826 2275 sibi
859 2247 907 2274 se
934 2247 1013 2275 aese
1046 2232 1181 2274 animo
1201 2231 1309 2275 malo
1327 2239 1450 2291 atque
1491 2233 1631 2291 itfido,
1649 2236 1732 2279 m·-

500 2289 764 2332 stimaverunt
782 2290 832 2333 de
854 2289 1131 2346 Drusojurta
1149 2305 1198 2332 ac
1216 2289 1266 2333 de
1282 2304 1336 2333 se.

817 2361 1012 2405 NOTAE.

125 2445 146 2466 a
162 2434 318 2475 secessim]
365 2434 463 2466 Deiis
472 2433 542 2474 jam
557 2435 675 2476 sepius
685 2436 833 2468 vidimus.
974 2445 994 2468 e
1007 2433 1067 2468 mn·
1088 2435 1220 2475 boum]
1264 2436 1395 2468 Directe
1422 2437 1571 2477 dixisset,
1596 2437 1658 2469 Uin·
1678 2437 1729 2470 ho-

127 2477 148 2508 b
162 2476 292 2516 Annia]
336 2477 502 2517 ingeniose
521 2479 563 2510 ad
575 2479 738 2510 vitandam
766 2486 877 2512 tauto-
931 2489 1002 2510 nun
1018 2481 1169 2520 privam·
1187 2479 1275 2510 αἰσ-
1294 2479 1413 2522 ρμόᾶεὲ
1441 2482 1566 2512 maiae
1575 2492 1591 2518 ;
1615 2480 1727 2513 verum

83 2519 216 2560 logiam,
231 2520 383 2551 Sallustio
407 2520 573 2562 indiguam
586 2533 596 2552 ε
623 2523 741 2554 Douza
755 2534 815 2563 pro
826 2534 877 2553 ar·
933 2522 1100 2554 honestius
1113 2522 1286 2561 expressit,
1301 2523 1378 2554 cum
1393 2524 1501 2564 primo
1515 2523 1636 2564 publici
1653 2524 1730 2557 boni

85 2563 150 2602 mis,
167 2563 258 2594 unius
287 2563 407 2595 litterae
423 2563 489 2596 levi
512 2565 707 2604 mutatione,
736 2568 878 2598 συνίετε·
933 2566 1086 2598 rationem
1108 2566 1236 2596 habuit.

87 2606 214 2649 posuit.
978 2609 995 2639 f
1014 2607 1141 2649 Dum]
1182 2608 1359 2640 Politieum
1374 2609 1481 2640 virum
1500 2609 1552 2641 'de
1577 2611 1640 2642 isto
1652 2611 1731 2642 Vel-

127 2658 150 2678 c
179 2648 362 2691 nimiam]
397 2650 433 2681 ld
446 2655 510 2690 ent,
525 2651 665 2692 aspersa,
694 2651 770 2684 cum
787 2651 879 2683 aliud
934 2652 1021 2683 eium
1036 2651 1175 2683 adivisse
1188 2661 1398 2693 nequaquam
1415 2653 1557 2692 pigebit.

87 2691 145 2726 ‚alii
158 2701 262 2731 genus
287 2693 362 2723 vitae
377 2701 597 2735 sequerentur.
978 2706 1000 2735 g
1014 2693 1174 2735 Pontiani-J
1218 2696 1269 2738 De
1281 2695 1438 2728 nobilibus
1466 2695 1617 2737 loquitur,
1632 2695 1729 2728 item-

105 2777 111 2782 .
129 2733 152 2763 d
169 2733 460 2785 Ham-mvifuoem]
504 2737 550 2786 ld„
567 2742 637 2786 est,-
658 2737 718 2769 Eme
730 2740 830 2769 omnia
845 2739 878 2769 in
935 2748 999 2786 que
1010 2738 1202 2788 εοεαε-σφα]
1216 2736 1364 2770 Drusum
1381 2739 1507 2770 manui
1534 2738 1594 2778 ipsi
1620 2738 1730 2771 faven-

84 2779 228 2824 ςιυιὶαίςω
249 2779 360 2818 tandm,
398 2784 431 2811 uu
450 2784 591 2814 veteranus
609 2781 719 2815 avibus
730 2783 880 2814 servilitas
935 2786 1002 2823 tem
1018 2792 1076 2820 per
1097 2782 1251 2812 invidiam
1275 2785 1517 2821 oppresserunt.
1641 2785 1649 2790 ’

88 2824 293 2859 imponentur,
579 2857 582 2859 Α
981 2826 1001 2855 h
1020 2823 1225 2862 Maxumum]
1267 2825 1438 2857 Civitatem
1461 2824 1597 2856 scilieet.
