1884 3172
1141 32 1163 53 l

544 196 787 240 BELLUM
817 195 1280 267 JUGURTmNUM.
1661 195 1742 239 107

93 320 352 372 praeceptum
373 312 523 361 fuerat,
543 312 744 353 evadunt.
802 309 977 353 Am‘isso
998 309 1122 351 'loco
1144 307 1345 350 Numidae
1365 306 1464 355 fusi,
1499 308 1742 367 fugatique,

93 370 219 425 pauci
239 369 460 411 interiere:
492 367 719 424 plerosque
741 365 961 415 velocitas,
977 372 1021 409 et
1034 365 1154 423 regio
1173 365 1189 389 ¹·
1201 364 1399 406 hostibus
1418 363 1579 427 ignara,
1598 372 1739 409 tutata

93 434 207 469 sunt.
266 425 434 468 Interea
454 424 684 472 Bomilcar,
713 437 842 481 quem
870 422 1126 481 elephantis,
1155 428 1199 466 et
1236 421 1345 477 parti
1366 435 1419 463 co
1451 433 1586 462 larum
1605 422 1738 478 pede·

92 483 243 526 strium
268 482 518 539 praefectum
538 481 592 523 ab
615 478 830 538 Jugurtha
856 478 986 538 supra
1003 478 1206 527 diximum
1224 477 1299 520 ubi
1313 490 1411 520 eum
1469 476 1616 520 utilius
1629 493 1738 535 prae-

92 546 328 596 tergressus
343 545 423 587 es't,
439 538 647 596 paulatim
669 552 772 580 suos
787 537 831 580 in
845 550 1016 594 aequum
1028 536 1174 579 locum
1186 535 1366 578 deducit
1382 549 1395 577 ε
1412 549 1480 586 ac,
1495 533 1599 582 dum
1616 534 1739 592 lega-

91 603 162 640 tus
191 595 246 638 ad
266 595 440 645 flumen,
470 593 561 652 quo
593 594 842 653 praemissus'
867 601 974 643 erat,
1002 593 1213 636 festinans
1242 607 1319 649 per
1353 590 1400 641 't,
1429 590 1644 648 'quietus
1673 591 1736 634 uti

90 666 158 696 res
176 652 445 710 postulabat,
461 652 598 694 aciem
621 658 801 694 exornat
818 666 827 692 :
859 666 1001 709 neque
1020 649 1212 698 remittit,
1231 649 1306 707 qui
1355 647 1517 706 ubique
1535 647 1675 691 hostis
1693 663 1738 691 a-

91 716 225 765 geret,
243 709 477 767 explorare.
508 709 747 767 Postquam
766 707 979 750 Rutilium
999 702 1250 750 consedisse
1262 706 1369 763 jam,
1387 711 1432 748 et
1445 705 1589 748 animo
1603 719 1737 749 vacu-

90 780 164 809 um
179 766 364 824 accepit,
378 766 592 823 simulque
605 780 657 808 ex
671 764 895 822 Jugurthae
908 763 1061 821 proelio
1077 762 1483 821 clamorem‘augeri,
1502 763 1663 805 veritus
1683 778 1737 805 ne

89 821 130 865 le
189 830 274 871 tus,
294 822 472 879 cognita
491 837 551 871 re,
568 821 862 864 laborantibus
882 821 972 863 suis
993 820 1154 863 auxilio
1170 820 1294 869 foret,
1312 819 1464 868 aciem,
1486 834 1632 884 quam,
1652 819 1736 863 dif-

91 837 229 922 fiffns
246 879 390 922 virtuti
410 879 607 928 militum,
634 877 753 920 2ειηὲ
774 884 997 925 statuerat,
1025 876 1114 934 quo
1135 877 1323 919 bostium
1340 884 1355 901 ⁶
1369 876 1512 920 itinen
1531 877 1736 927 officeret,

90 936 219 978 latius
239 936 444 994 porrigit;
483 950 621 992 eoque
641 935 769 978 modo
790 935 844 976 ad
866 934 1022 977 Rutilii
1042 940 1185 977 castra
1210 933 1420 991 procedit.
1479 933 1663 976 Romani
1684 949 1739 977 ex

91 993 325 1050 improviso
340 993 527 1050 pulveris
547 993 634 1034 vim
667 1006 868 1047 magnam
899 992 1257 1034 animadvertunt.
1315 991 1428 1033 Nam
1463 998 1739 1048 prospectum

90 1065 192 1106 ager
221 1049 407 1092 arbustis
435 1050 629 1092 consitus
658 1050 929 1107 prohibebat.
987 1048 1046 1090 Et
1075 1047 1215 1106 primb
1246 1048 1325 1090 rati
1367 1048 1545 1091 humum
1575 1048 1739 1091 aridam

91 1113 219 1149 vento
252 1106 404 1162 agitari
423 1121 432 1148 :
475 1113 589 1163 post,
619 1107 694 1149 ubi
716 1106 970 1163 aequabilem
991 1120 1177 1155 manere,
1205 1112 1250 1148 et
1268 1105 1383 1147 sicut
1401 1105 1518 1148 acies
1538 1106 1738 1149 moveba-

89 1170 173 1213 tur,
194 1159 332 1221 magis
351 1162 574 1220 magisque
590 1163 934 1222 appropinquare
952 1162 1103 1205 vident
1118 1179 1130 1215 ;
1160 1161 1341 1219 cognita
1359 1162 1444 1212 dre,
1460 1170 1739 1220 properantes

91 1235 208 1263 arma
236 1220 427 1284 capiunt,
457 1235 508 1263 ac
525 1235 602 1277 pro
622 1221 790 1269 castris,
819 1221 933 1263 sicut
961 1220 1263 1276 imperabatur,
1291 1219 1550 1262 consistunt.
1608 1220 1744 1275 Dein,

87 1277 163 1320 ubi
185 1277 358 1334 propius
378 1284 550 1324 ventum
568 1284 650 1326 est,
676 1277 891 1335 utrimque
912 1290 1070 1333 magno
1089 1277 1275 1319 clamore
1294 1276 1575 1320 concurritur.
1631 1276 1727 1320 Nu·

90 1334 216 1377 midae
245 1335 543 1377 tantummodo
572 1335 812 1385 eremorati,
843 1335 948 1377 dum
985 1334 1030 1375 in
1058 1333 1300 1390 elephantis
1330 1333 1538 1378 auxilium
1570 1340 1740 1391 putant,

92 1399 323 1449 postquam
337 1406 411 1435 eos
429 1391 660 1448 impeditos
676 1391 805 1434 ramis
823 1392 1036 1440 arborum,
1055 1397 1185 1448 atque
1201 1390 1263 1433 ita
1278 1390 1487 1448 disjectos
1502 1391 1739 1435 circumve·

91 1449 172 1491 niri
192 1448 351 1498 vident,
382 1448 531 1504 fugam
550 1448 745 1492 faciunt:
782 1463 834 1491 ac
862 1448 1071 1506 plerique,
1099 1447 1283 1505 abjectis
1319 1448 1463 1498 armis,
1489 1449 1628 1499 collis,
1665 1455 1741 1491 aut

90 1506 248 1556 noctis,
308 1520 372 1548 uae
390 1520 488 1570 =jam
516 1506 680 1556 aderat,
710 1506 871 1551 auxilio
891 1505 1048 1563 integri
1067 1505 1242 1548 abeunt.
1300 1505 1535 1563 Elephanti
1586 1513 1740 1550 uatuor

90 1563 222 1620 capti,
249 1577 295 1605 re
312 1562 402 1620 iqui
433 1561 581 1614 omnes
615 1578 792 1606 numero
822 1562 1132 1621 ‘quadraginta
1164 1562 1395 1605 interfecti.
1453 1563 1516 1605 At
1595 1564 1738 1606 omani

91 1634 350 1677 quamquam
366 1618 533 1669 itinere,
554 1628 598 1662 at
632 1635 683 1662 ue
713 1627 730 1652 ἔ
744 1635 872 1676 opere
892 1627 1143 1668 castrorum,
1164 1625 1208 1661 et
1226 1619 1379 1675 proelio
1399 1619 1519 1670 fessi,
1547 1620 1739 1678 lassique

91 1684 224 1726 erant,
253 1684 412 1724 tamen,
440 1675 559 1734 quod
634 1677 788 1721 etellus
820 1677 1002 1734 amplius
1035 1675 1239 1732 opinione
1261 1677 1520 1725 morabatur,
1551 1676 1739 1720 instruc-

92 1734 140 1780 ω’.
171 1733 441 1790 hintentique
472 1733 646 1776 obviam
678 1734 933 1791 procedunt.
994 1733 1108 1775 Nam
1147 1733 1273 1775 dolus
1314 1733 1598 1777 Numidarum
1630 1734 1740 1777 nihil

89 1790 297 1847 languidi,
326 1805 464 1847 neque
484 1791 649 1833 remissi
677 1790 933 1848 patiebatur.
994 1790 1061 1831 Ac
1080 1789 1219 1845 primo
1239 1789 1425 1832 obscura
1443 1797 1587 1845 nocte',
1617 1798 1737 1849 post-

90 1862 219 1903 quam
248 1847 361 1888 haud
393 1848 541 1902 procul
570 1847 704 1890 iinter
727 1863 775 1890 se
807 1854 958 1896 erant:r
971 1847 1167 1903 strepitu,
1200 1847 1332 1890 veluti
1351 1848 1501 1890 hostes
1531 1849 1736 1891 adventa-

91 1911 199 1952 rent,
227 1903 348 1946 alteri
378 1905 491 1960 apud
523 1905 683 1948 alteros
712 1904 984 1948 formidinem
1014 1904 1157 1954 simul,
1189 1912 1234 1948 et
1252 1906 1484 1951 tumultum
1503 1905 1660 1956 facere,
1692 1914 1737 1949 et

91 1959 203 2017 pene
233 1960 524 2017 imprudentia
553 1959 819 2020 ¹‘admissum
839 1961 1007 2014 facinus
1027 1961 1287 2015 miserabile,
1315 1962 1361 2006 ni
1392 1962 1608 2020 utrimque
1629 1978 1739 2020 prae-

705 2065 1072 2098 INTERPRETATIO.

150 2124 162 2148 ¹
194 2124 239 2166 E
241 2131 272 2172 t,
301 2123 397 2165 dum
412 2123 596 2166 Rutilius
614 2124 769 2180 legatus
780 2139 883 2179 pro·
1000 2127 1018 2150 ²
1050 2122 1225 2183 Pori-igi
1263 2122 1388 2166 latias
1431 2123 1571 2172 aciem,
1608 2130 1741 2182 ‘quam

84 2188 207 2236 perat
241 2180 299 2222 ad
312 2181 487 2236 flumen,
542 2180 622 2237 qud
660 2181 887 2236 praemissus
943 2181 1191 2224 instruxerat
1219 2181 1346 2238 densis
1374 2179 1595 2232 ordinibus,
1630 2180 1739 2237 diffi-

91 2245 193 2286 erat,
214 2236 424 2279 Bomilcar
435 2251 513 2293 per
531 2239 658 2279 otium
676 2238 800 2280 aciem
818 2237 894 2284 izi-⁷
943 2238 1037 2282 dens
1054 2239 1203 2281 virtuti
1220 2238 1412 2283 militum.

91 2295 229 2343 struit,
248 2293 313 2361 ut}
331 2309 392 2337 res
404 2293 656 2350 postulabat.

133 2465 155 2486 a
169 2454 276 2497 laem]
290 2455 395 2494 Colle,
409 2455 547 2488 scilicet.
986 2466 1006 2496 g
1023 2454 1151 2499 Opera]
1166 2456 1298 2488 scilieet
1311 2461 1423 2488 cantra
1437 2457 1631 2489 munierant.

134 2499 156 2529 b
170 2497 336 2538 nauibus]
352 2499 515 2530 Romanis.
986 2499 1008 2530 h
1022 2498 1218 2540 laedique]
1246 2499 1332 2531 Hinc
1347 2499 1459 2531 videas
1480 2501 1597 2542 quales
1618 2501 1741 2533 fuerint

135 2550 155 2571 c
170 2541 304 2581 Itium]
324 2541 357 2573 Si
374 2541 530 2573 nimirum
561 2540 700 2573 Metello
727 2540 887 2573 auxilium
943 2541 1099 2573 Romani.
1728 2541 1739 2546 '

92 2581 219 2615 anferre
233 2585 414 2616 voluissent.
987 2584 999 2615 i
1021 2583 1111 2616 Inter
1132 2584 1192 2624 ιι]
1211 2585 1262 2617 De
1290 2585 1446 2617 anlnis
1469 2585 1627 2628 loquitur,
1655 2597 1739 2628 quo-

133 2627 156 2657 d
174 2626 247 2666 Re]
265 2628 465 2667 Exercitum,
479 2627 617 2666 seilicet,
632 2626 820 2662 adventare.
941 2637 1015 2659 rum
1047 2628 1104 2660 alii
1134 2637 1210 2660 cum
1237 2629 1385 2668 Metello,
1418 2629 1476 2661 alii
1511 2640 1590 2662 eun
1619 2630 1741 2662 Rutilio
1801 2633 1805 2638 '

137 2679 156 2699 e
170 2668 348 2709 namma]
358 2671 443 2702 Gall.
456 2670 502 2702 11³
516 2681 554 2702 ne
552 2671 646 2710 fitenl
651 2672 823 2711 fermeque,
835 2670 886 2710 δῖε.
942 2674 1051 2703 erant.

139 2710 158 2740 f
173 2710 402 2752 Quadraginta]
439 2715 476 2745 lu
508 2714 716 2755 quibusdam,
757 2714 887 2754 triginta
985 2715 1009 2746 k
1025 2712 1221 2754 Astu-issum]
1283 2716 1339 2753 Ut,
1365 2715 1498 2754 scilicet,
1529 2714 1666 2747 Romani
1694 2714 1742 2745 iu-

97 2753 223 2786 tautum
237 2761 456 2788 numerantur.
557 2750 584 2760 '
944 2757 1052 2790 vicem
1075 2762 1269 2797 pugnarent.
