1884 3172
350 231 749 280 DECLAMATlo
782 231 846 301 IN—
877 230 944 273 Μ.
963 231 1011 275 Τ.
1033 232 1417 275 CICERONEM.
1618 235 1704 277 225

60 360 146 403 que
164 346 330 389 animus
346 361 399 390 ex
418 344 685 392 conscientia
702 356 824 402 spem
843 343 1017 401 praebet.
1075 344 1208 393 Quod
1237 346 1274 388 si
1303 353 1447 389 tecum
1468 346 1605 403 patria
1636 355 1703 391 at·

59 419 147 460 que
168 411 363 459 parentes
376 402 552 461 possent
571 403 705 459 loqui,
733 400 904 446 scilicet
914 401 1007 444 haec
1026 399 1104 444 tibi
1124 402 1341 446 dicerent:
1372 403 1413 445 O
1435 403 1594 453 Caesar.
1619 419 1700 448 nos

60 468 105 502 te
125 461 364 516 genuimus,
395 459 657 503 ¹fortissumi
677 458 770 506 viri,
787 458 833 503 iu
850 456 1030 516 optuma
1046 458 1168 506 urbe,
1189 459 1340 508 decus,
1367 459 1698 517 praesidiumque

58 517 199 564 uobis,
229 516 423 559 hostibus
441 525 655 559 terrorem.
714 515 824 564 Qum
851 512 999 558 multi‘s
1022 514 1259 564 laboribus.
1286 524 1331 558 et
1349 516 1551 572 periculis
1571 531 1698 574 cepe-

58 587 214 622 ramus,
228 588 277 616 ea
287 572 365 614 tibi
380 573 583 624 nascendi
596 587 694 614 cum
702 570 980 614 animasimul
987 571 1257 621 tradidimus,
1265 572 1445 629 patriam
1454 587 1698 616 maxumam

58 631 102 671 in
121 630 242 671 terris
258 646 270 680 ;
306 630 495 676 domum,
517 629 806 685 familiamque
826 629 871 670 in
884 627 1024 684 patria
1042 629 1364 683 clarissumam;
1399 637 1603 686 praeterea
1618 631 1696 673 bo·

57 701 135 727 nas
164 697 291 734 artes,
321 686 523 728 honestas
542 685 739 735 divitias;
776 683 994 740 postremo
1013 686 1156 728 omnia
1186 687 1513 729 honestamenta
1544 687 1695 744 pacis;

55 750 101 785 et
118 744 289 798 praemia
319 742 437 784 belli.
494 742 579 785 Pro
603 741 670 785 his
690 741 977 798 amplissumis
996 741 1219 785 beneficiis
1254 758 1342 786 non
1360 743 1573 800 flagitium
1593 742 1621 786 Ξι
1639 751 1698 794 te,

87 813 110 840 e
140 814 196 841 ue
210 800 367 841 malum
381 799 562 847 facinus,
576 799 760 855 petimus
777 815 790 848 ;
822 799 900 840 sed
919 796 983 840 uti
1003 798 1245 842 libertatem
1263 814 1455 843 eversam
1475 801 1691 844 restituas.

56 814 157 904 Quia
171 871 214 897 re
234 855 414 912 patrata,
434 854 627 912 profecto
644 869 719 911 per
731 863 882 910 gentes
898 869 1046 896 omnes
1062 855 1177 897 fama
1193 855 1361 899 virtutis
1381 864 1466 898 tuae
1480 858 1693 901 volitabit.

56 913 254 970 Namque
278 913 359 955 hac
377 920 644 968 tempestate.
673 910 843 953 tametsi
863 911 979 953 domi
1010 912 1258 969 militiaeque
1281 914 1483 970 praeclara
1502 914 1694 958 facinora

55 970 182 1023 egisti
198 985 211 1020 ;
245 977 389 1012 tamen
415 968 551 1025 gloria
582 976 657 1010 tua
690 982 788 1009 cum
823 967 970 1010 multis
990 968 1090 1010 viris
1109 969 1291 1012 fortibus
1323 971 1500 1028 aequalis
1529 981 1621 1015 est:
1655 972 1692 1014 si

53 1025 155 1068 vero
172 1026 319 1068 urbem
338 1024 616 1081 amplissume
636 1024 824 1074 nomine,
854 1032 898 1066 et
918 1039 1118 1067 maxumo
1139 1026 1336 1082 imperio,
1365 1026 1497 1084 prope
1519 1029 1615 1084 jam
1632 1030 1689 1071 ab

52 1086 69 1109 ²
88 1097 246 1125 occasu
271 1081 532 1132 restitueris3
570 1081 668 1138 quis
697 1090 741 1123 te
774 1081 940 1129 clarior,
977 1082 1074 1138 quis
1106 1083 1255 1138 major,
1290 1084 1333 1126 in
1372 1085 1495 1127 terris
1533 1086 1692 1128 fuerit?

54 1139 227 1195 Quippe
246 1139 283 1180 si
303 1139 452 1180 morbo
465 1139 573 1195 jam,
601 1146 676 1180 aut
702 1138 792 1179 fato
827 1138 929 1180 huic
947 1138 1125 1194 imperio
1146 1155 1272 1182 secus
1292 1140 1485 1188 accidat:
1517 1142 1588 1184 cui
1608 1143 1690 1184 du-

53 1196 171 1237 bium
192 1203 273 1244 est,
298 1196 402 1252 quin
423 1210 499 1250 per
517 1195 662 1237 orbem
682 1202 901 1243 terrarum,
919 1195 1112 1243 vastitas,
1133 1196 1258 1246 bella,
1287 1198 1443 1247 caedes,
1474 1199 1693 1242 oriantur?

54 1251 186 1301 Quod
207 1252 243 1294 si
263 1252 342 1294 tibi
362 1253 473 1294 bona
492 1252 641 1293 lubido
657 1250 799 1300 fuerit,
820 1252 983 1307 patriae,
1013 1252 1262 1308 parentibus
1282 1255 1582 1311 gratificandi;
1614 1271 1692 1313 po·

50 1317 166 1351 stero
186 1316 392 1365 tempore,
418 1323 508 1364 rep.
528 1307 739 1355 restitth
757 1323 886 1365 super
905 1309 1044 1351 omnis
1063 1310 1255 1352 mortalis
1267 1311 1406 1367 gloria
1418 1312 1580 1368 agnita,
1599 1320 1694 1355 tua-

52 1381 137 1422 que
158 1365 284 1408 unius
300 1380 412 1407 mors
426 1365 518 1407 vita
531 1364 685 1407 clarior
704 1364 799 1407 erit.
859 1364 971 1406 Nam
987 1365 1106 1408 vivos
1133 1365 1347 1410 interdum
1372 1368 1559 1417 fortuna,
1577 1384 1693 1427 saepe

49 1422 225 1474 invidia,
238 1422 410 1480 fatigat:
426 1422 500 1464 ubi
513 1421 657 1464 anima
666 1429 828 1463 naturae
844 1422 991 1471 cessit,
1000 1422 1187 1479 demptis
1198 1425 1585 1468 obtrectationibus
1598 1427 1695 1483 ipsa

48 1494 96 1521 se
116 1479 248 1521 virtus
267 1477 406 1536 magis
440 1478 662 1536 magisque
690 1478 874 1520 extollit.
933 1479 1042 1527 Quae
1059 1479 1166 1521 mibi
1186 1481 1308 1523 utilia
1327 1482 1446 1525 factu
1464 1483 1556 1525 visa
1576 1492 1692 1534 sunt,

50 1551 232 1592 quaeque
249 1536 327 1578 tibi
357 1536 453 1577 usui
469 1535 558 1578 sore
589 1535 767 1582 credidi,
796 1534 927 1591 quam
959 1536 1245 1588 paucissumis
1265 1538 1414 1594 potui,
1446 1541 1694 1598 perscripsi.

50 1592 264 1635 Caeterum
283 1593 391 1634 deos
409 1592 662 1634 immortalis
684 1592 889 1639 obtestor,
908 1590 972 1634 uti
990 1608 1263 1651 quocumque
1276 1596 1406 1639 modo
1422 1610 1540 1653 agee,
1558 1612 1612 1640 ea
1623 1613 1694 1640 res

48 1650 145 1699 tibi,
175 1650 319 1706 reique
339 1649 539 1706 publicae,
557 1649 760 1706 prospere}
776 1648 960 1691 eveniat.

683 1740 1054 1773 ιΝΤειῑΡΒΕΤΑΤιο.

108 1799 117 1820 ¹
166 1795 249 1838 Nos
261 1797 486 1853 fortissimi
520 1798 602 1840 viri
629 1797 840 1855 genuimus
952 1801 970 1824 ²
1011 1798 1061 1840 Si
1087 1798 1182 1841 vero
1208 1799 1427 1844 restitueris
1447 1799 1576 1856 prop&
1593 1802 1694 1860 jam

46 1865 86 1898 te
104 1857 148 1897 in
166 1853 264 1895 urbe
282 1852 447 1910 optinui,
479 1863 526 1897 ut
548 1856 601 1897 sis
628 1854 742 1896 uobis
771 1854 840 1896 de·
897 1853 950 1895 ab
978 1854 1160 1906 interitu,
1187 1856 1342 1909 urbem,
1375 1857 1441 1899 cui
1475 1872 1617 1903 nomen
1633 1866 1692 1902 est

43 1929 127 1962 cus,
146 1913 215 1962 &a
897 1910 1198 1967 amplissimum,
1215 1915 1285 1964 ἅτ.

518 2124 576 2166 C.
607 2122 953 2166 SALLUSTU
984 2123 1206 2170 GRISPI

348 2215 427 2265 IN
464 2213 544 2263 M.
578 2210 922 2262 TULLIUM
957 2211 1382 2264 CICERONEM

651 2319 1092 2365 Dsscmm'rlo,

101 2414 428 2463 GRAvi'rER,
460 2420 508 2456 et
538 2411 599 2455 ini
633 2425 688 2454 uo
707 2410 866 2459 animo,
901 2409 1134 2453 maledicta
1150 2415 1227 2453 tua
1245 2418 1426 2467 paterer,
1459 2413 1527 2455 M.
1557 2414 1685 2467 Tulli,

30 2476 82 2519 ¹si
101 2484 144 2518 te
159 2475 313 2518 scirem
339 2470 507 2530 judicio
526 2427 680 2526 mags,
740 2466 841 2510 uam
858 2467 1011 2510 morbo
1041 2466 1189 2532 ιιιιίιῐιὶξ
1222 2469 1463 2524 petulanti&
1490 2470 1579 2513 ista
1609 2471 1690 2514 uti.

43 2533 148 2584 Sed,
162 2530 363 2590 quoniam
378 2529 424 2570 in
437 2537 479 2570 te
492 2542 522 2569 n
579 2541 632 2570 ue
646 2540 689 2568 m
748 2539 836 2574 um,
851 2539 991 2581 neque
1005 2523 1261 2566 modestiam
1275 2525 1408 2568 ullam
1422 2527 1705 2572 animadver-.

42 2598 106 2638 to,
118 2587 386 2646 respondebo
399 2584 479 2627 tibi
493 2601 504 2626 z
521 2599 549 2626 u
588 2615 601 2634 ,
611 2583 651 2625 si
694 2596 793 2624 uam
805 2580 1105 2623 maledicendo
1117 2582 1380 2638 voluptatem
1394 2585 1564 2641 cepisti,
1590 2599 1687 2627 eam

43 2643 184 2687 'male
203 2643 417 2687 audiendo
437 2641 625 2685 amittas.
757 2638 772 2680 i
790 2637 972 2695 querar?
1009 2653 1120 2697 quos
1138 2637 1380 2696 implorem,
1409 2640 1462 2683 P.
1487 2641 1540 2685 C.
1559 2641 1687 2698 diripi

767 2726 964 2772 NOTAE.

652 2811 674 2833 a
689 2799 807 2839 aust]
828 2801 878 2831 De
891 2804 924 2830 tc
939 2799 1076 2831 scilicet.

833 2856 871 2898 P
