1884 3172
556 203 800 247 BELLUM
833 202 1298 247 CATILINARIUM.
1635 259 1640 264 μ
1687 205 1744 249 55

103 323 120 340 ⁸
139 317 349 374 expeditis
368 316 412 359 in
431 316 570 373 prima
590 316 682 360 acie
702 316 885 368 versari3
916 316 1209 359 laborantibus
1225 331 1469 359 succurrere
1487 333 1499 368 ς
1518 316 1535 341 '³
1552 317 1742 375 integros

135 389 180 416 ro
199 373 357 417 sauciis
385 388 629 425 accersere3
648 374 791 417 omnia
810 373 1030 432 providere
1048 389 1059 424 ;
1079 373 1259 416 multum
1279 374 1372 430 ipse
1394 389 1608 431 pugnare;
1628 390 1742 432 saepe

102 388 269 472 iiostem
288 430 439 481 ferire;
467 429 627 473 strenui
643 429 806 480 militis,
825 438 871 473 et
888 430 990 472 boni
1008 430 1274 486 imperatoris
1304 430 1446 473 officia
1475 430 1602 472 simul
1622 447 1745 474 exse·

102 485 325 542 quebatur.
396 487 606 536 Petreius,
647 486 719 529 ubi
752 487 871 530 videt
903 486 1135 529 Catilinam
1169 494 1184 511 ⁴²
1212 487 1378 536 contra,
1407 502 1460 529 ac
1491 494 1606 529 ratus
1640 496 1744 537 erat,

101 542 260 599 magna
278 543 319 585 vi
337 544 541 596 tendere;
572 543 793 586 cohortem
823 543 842 568 ‘¹
861 543 1102 600 praetoriam
1118 543 1162 585 in
1181 544 1348 587 medios
1379 543 1516 596 hostis
1546 543 1744 597 inducit;

102 613 261 655 eosque
280 600 564 657 perturbatos,
592 607 721 658 atque
747 601 856 642 alios
874 607 890 625 ⁸
908 599 1009 642 alibi
1031 600 1295 647 resistentes.
1327 600 1556 643 interficit:
1587 601 1744 644 deinde

101 656 315 713 utrimque
335 671 388 699 ex
407 657 611 700 lateribus
649 663 827 700 caeteros
847 657 1109 714 aggreditur.
1166 658 1372 706 Manlius,
1411 664 1455 700 et
1493 657 1742 701 Faesulanus

100 711 146 754 in
165 713 312 770 primis
342 723 583 772 pugnantes
622 715 797 757 cadunt.
856 714 1092 771 Postquam
1129 714 1246 756 fusas
1281 714 1445 770 copias,
1477 729 1611 779 seque
1647 729 1745 757 cum

101 770 252 826 paucis
271 771 467 813 relictum
486 771 604 814 videt
624 770 836 813 Catilina:
867 785 1028 812 memor
1047 769 1061 795 f
1075 771 1260 826 generis,
1289 778 1418 827 atque
1438 771 1630 827 pristinae
1649 771 1746 830 dig-

102 827 250 869 nitatis
269 843 371 879 suae,
391 828 436 870 in
456 828 806 871 confertissumos
822 827 968 870 hostes
983 827 1174 876 incurrit,
1203 826 1350 884 ibique
1376 842 1578 884 pugnans
1594 829 1745 871 confo-

103 883 231 938 ditur.
289 885 391 936 Sed,
420 885 620 927 confecto
646 884 814 948 proelio,
843 890 934 926 tum
953 883 1053 926 verb
1092 891 1109 916 Ε
1128 899 1322 926 cerneres
1358 892 1520 941 quanta
1549 885 1744 938 audacia,

101 947 347 998 quantaque
367 941 495 984 animi
515 940 580 983 vis
599 941 752 983 fmsset
769 941 813 983 in
834 941 1022 983 exercitu
1058 940 1272 983 Catilinae.
1332 941 1443 983 Nam
1483 939 1587 991 fere,
1616 957 1745 1000 quem

103 997 285 1053 quisque
304 998 424 1040 vivus
444 997 677 1063 pugnando
698 997 840 1040 locum
862 1004 1049 1054 ceperat,
1081 1012 1193 1047 eum,
1212 997 1372 1040 amissa
1391 997 1548 1047 anima,
1568 1013 1746 1057 corpore

103 1055 292 1109 tegebat.
324 1055 457 1097 Pauci
473 1062 633 1104 autem,
654 1069 764 1111 quos
786 1054 949 1097 medios
970 1055 1124 1097 cohors
1142 1055 1338 1112 praetoria
1358 1055 1601 1119 disjecerat,
1615 1055 1746 1113 paulo

101 1110 325 1159 diversius,
353 1112 430 1153 sed
451 1126 598 1154 omnes
619 1118 759 1154 tamen
779 1110 796 1135 ¹¹
817 1111 1006 1154 adversis
1025 1111 1288 1161 vulneribus,
1307 1112 1599 1156 conciderant.
1631 1126 1635 1129 “
1659 1113 1746 1155 Ca-

101 1167 224 1209 tilina
245 1167 344 1210 verb
366 1167 494 1226 longe
516 1168 542 1210 ἐι
558 1168 646 1210 suis
665 1168 776 1210 inter
793 1168 981 1211 hostium
997 1169 1205 1211 cadavera
1223 1176 1412 1225 repertus
1430 1176 1510 1218 est,
1529 1168 1749 1226 paululum

102 1224 233 1266 etiam
253 1226 445 1281 spirans;
477 1225 765 1282 ferociamque
792 1225 939 1275 animi,
967 1239 1095 1282 quam
1133 1225 1342 1267 habuerat
1378 1225 1514 1274 vivus,
1543 1227 1588 1268 in
1627 1227 1749 1269 vultu

103 1281 305 1324 retinens.
337 1281 577 1330 Postremo,
597 1297 651 1324 ex
671 1281 787 1324 omni
807 1285 821 1307 ²
836 1281 979 1338 copia,
1001 1296 1139 1339 neque
1160 1281 1202 1323 in
1222 1281 1388 1338 proelio,
1418 1297 1557 1339 neque
1579 1282 1623 1324 in
1643 1283 1749 1341 fuga

102 1338 332 1395 quisquam
353 1339 459 1382 civis
477 1340 689 1396 ingenuus
703 1345 855 1396 captus
876 1346 957 1381 est.
988 1338 1057 1393 Ita
1075 1339 1219 1381 cuncti
1241 1354 1344 1387 suae,
1364 1339 1638 1397 hostiumque
1650 1340 1749 1383 vitae

103 1394 114 1419 ¹
125 1395 254 1451 juxta
286 1403 576 1453 pepercerant.
635 1395 788 1453 Neque
810 1402 952 1437 tamen
973 1395 1184 1438 exercitus
1206 1396 1352 1453 populi
1379 1396 1564 1439 Romani
1593 1398 1751 1447 laetam,

103 1459 179 1495 aut
197 1454 463 1496 incruentam
482 1452 704 1495 victoriam
724 1453 904 1509 adeptus
926 1459 1029 1494 erat.
1088 1453 1201 1494 Nam
1218 1452 1552 1496 strenuissumus
1568 1454 1751 1511 quisque

103 1516 180 1552 aut
198 1510 415 1554 occiderat
432 1510 478 1552 in
497 1510 664 1567 proelio,
681 1517 755 1552 aut
770 1510 954 1566 graviter
968 1510 1212 1552 vulneratus
1229 1509 1498 1552 discesserat.
1528 1510 1657 1553 Multi
1677 1527 1753 1554 au-

105 1575 207 1616 tem,
228 1567 302 1624 qui
323 1566 348 1608 ὲ
369 1567 519 1610 castris
531 1567 717 1617 visundi,
729 1574 804 1608 aut
819 1567 1033 1623 spoliandi
1050 1566 1190 1622 gratia
1205 1575 1516 1623 processerant,
1531 1568 1751 1611 volventes

106 1623 281 1667 hostilia
301 1624 520 1674 cadavera,
543 1624 727 1666 amicum
746 1623 834 1672 alii,
854 1638 952 1680 pars
970 1623 1198 1680 hospitem,
1218 1630 1292 1665 aut
1317 1623 1550 1681 cognatum
1569 1639 1613 1667 re
1646 1625 1753 1668 erie-

107 1681 225 1724 bant.
283 1681 417 1724 Fuere
440 1681 557 1730 item,
586 1681 660 1738 qui
680 1680 877 1723 inimicos
899 1695 1000 1722 suos
1034 1687 1359 1737 cognoscerent.
1420 1681 1488 1723 Ita
1521 1681 1609 1723 vari
1678 1697 1753 1739 per

105 1753 275 1781 omnem
291 1738 525 1781 exercitum
544 1737 708 1787 laetitia,
743 1751 910 1786 moeror,
947 1738 1104 1787 luctus,
1135 1744 1263 1795 atque
1286 1737 1444 1794 gaudia
1464 1738 1752 1794 agitabantur.

747 1867 852 1898 lNTE
859 1866 1115 1899 RPRETATlo.

163 1939 174 1963 ¹
211 1937 416 1981 Postrema
442 1954 488 1981 ex
530 1938 638 1980 omni
684 1937 869 1981 Catilium
898 1934 1085 1988 exercitu,
1132 1953 1255 1996 neque
1283 1937 1327 1982 'in
1348 1938 1508 1995 proelio,
1557 1954 1681 1997 neque
1708 1939 1751 1982 in

91 1994 210 2055 sugt't'
230 1997 445 2055 quisquam
460 1995 554 2038 civis
573 1995 771 2053 ingenuus
789 2003 930 2052 captus
949 2003 1017 2038 est.

830 2108 1027 2152 NOTAE.

150 2211 170 2232 a
187 2199 377 2243 Ezpedilis]
425 2202 498 2232 Non
519 2198 592 2239 jam
609 2199 834 2239 intelliguntur
850 2199 894 2230 le-
995 2209 1014 2230 e
1026 2198 1134 2237 Alibi]
1157 2199 1194 2231 ld
1207 2203 1268 2237 est,
1291 2199 1429 2230 adversas
1440 2197 1525 2235 alios,
1539 2195 1628 2239 qndm
1640 2198 1661 2228 ἀ
1678 2197 1748 2238 qut·-

106 2243 155 2274 vis
167 2250 343 2274 armatum
357 2243 486 2279 milites,
500 2247 538 2273 nt
550 2242 670 2282 supra;
701 2243 796 2284 (quid
807 2243 894 2274 enim
951 2241 1003 2273 bu:
1016 2241 1274 2281 interficiebantur.

107 2287 231 2318 faceret
256 2286 400 2318 Catilina
429 2296 505 2317 cum
531 2285 708 2317 inermibus
731 2285 894 2316 nebuloni·
993 2285 1010 2315 f
1022 2285 1177 2325 Generis]
1200 2286 1236 2316 ln
1252 2284 1365 2326 primis
1381 2282 1521 2316 nobilem
1538 2281 1637 2315 fuisse
1648 2282 1747 2325 supr&

107 2330 168 2360 bus
179 2329 213 2368 i)
228 2329 283 2361 sed
295 2329 316 2360 ii
328 2330 381 2370 qui
398 2330 436 2359 ad
451 2329 662 2368 pugnandum
673 2329 795 2360 alacres
808 2328 895 2360 vide-
951 2328 1101 2359 vidimus.

108 2374 237 2404 bantur.
262 2373 350 2404 Gall.
370 2371 428 2403 Les
438 2372 502 2411 plus
516 2371 596 2403 testes
605 2383 618 2402 .-
634 2370 691 2402 Les
701 2372 770 2413 plus
783 2371 893 2402 braces.
993 2382 1015 2410 g
1031 2370 1199 2410 emerem]
1222 2372 1293 2408 Pro,
1309 2370 1403 2413 quivis
1416 2378 1532 2401 cernere
1541 2373 1652 2412 posset.
1689 2369 1745 2401 Sic

150 2417 169 2447 b
181 2414 340 2457 Integra]
377 2415 442 2448 Qui
471 2425 575 2455 neque
591 2414 762 2453 vulnerati,
788 2424 894 2456 neque
950 2422 1037 2454 sepe
1051 2413 1286 2453 elegantissime
1297 2414 1485 2456 loquuntur.

106 2458 184 2490 lassi
199 2464 302 2490 erant.
326 2459 414 2490 Gall.
430 2457 663 2498 Detgemsrais.
996 2459 1015 2488 b
1032 2456 1202 2496 Adversa]
1225 2457 1261 2488 ld
1272 2461 1335 2495 est,
1355 2467 1421 2498 quoe
1431 2463 1548 2497 corpore
1569 2455 1698 2493 adverso,
1715 2458 1745 2486 et

149 2511 170 2533 c
185 2501 325 2540 δυνατὰ]
344 2501 530 2533 Adverbius.
548 2519 552 2523 -
565 2500 678 2531 Contra
693 2510 739 2538 ac,
765 2499 896 2540 optime.
953 2499 1167 2541 hoseioppoeito
1177 2504 1354 2541 acceperant.

108 2545 194 2577 Gall.
212 2544 318 2576 Coum
325 2544 472 2585 l’opim'on
485 2543 564 2585 qu’il
576 2543 652 2575 auoit
660 2541 724 2574 etie-
996 2541 1142 2581 iJuaech]
1162 2544 1238 2575 Jam
1266 2543 1406 2574 vidimus
1434 2543 1522 2574 hanc
1550 2551 1663 2574 vocem
1687 2549 1746 2581 pro

149 2588 172 2619 d
187 2586 388 2626 adarim]
443 2587 492 2618 Ea
515 2589 587 2618 erat
614 2596 687 2628 quae
715 2586 735 2617 a
754 2587 898 2617 Praetore
950 2586 1063 2628 pariter
1076 2587 1228 2625 positam.
1274 2586 1433 2626 Intellige,
1447 2586 1506 2618 hos
1516 2586 1665 2618 Catilina
1684 2583 1745 2614 mi-

108 2641 172 2663 non
185 2630 383 2670 discedebat,
404 2629 437 2661 in
466 2639 565 2671 quam
581 2629 692 2666 amici,
712 2629 898 2666 voluntarii,
955 2628 1039 2665 lites,
1052 2629 1148 2660 modo
1163 2633 1200 2660 ut
1213 2630 1319 2662 hostes
1334 2631 1564 2670 interficerent,
1575 2628 1634 2661 sibi
1649 2624 1745 2659 mini-

106 2674 282 2748 ἱῖῒὲῗὲωἰ,
304 2683 419 2706 omues
443 2673 568 2714 optime
595 2672 714 2705 armati
739 2671 899 2704 adscribe·
956 2671 1045 2703 mum
1058 2671 1191 2704 cavisse.

641 2773 756 2813 1⁷1le
777 2773 905 2806 BELLI
929 2773 1211 2808 CATiLlNARn.
