1884 3172
551 197 792 242 BELLUM
825 196 1288 241 CATILINARIUM.
1683 199 1743 245 49

105 310 308 354 facundia
328 311 518 361 Graecos,
537 310 675 376 gloria
693 310 795 355 belli
815 310 966 354 Gallos
985 316 1084 353 ante
1115 309 1334 353 Romanos
1367 310 1514 353 fuisse.
1570 312 1640 356 Ac
1657 311 1741 355 mi·

105 366 165 417 hi,
186 368 319 411 multa
346 368 567 433 ¹agitanti,
595 368 837 418 constabat,
866 382 1100 426 paucorum
1119 366 1278 410 civium
1306 366 1524 424 egregiam
1541 367 1743 412 virtutem

104 431 260 467 cuncta
268 431 526 482 patravisse3
545 438 683 482 eoque
703 425 878 474 factum,
897 422 960 467 uti
972 423 1144 467 divitias
1158 432 1401 481 paupertas,
1420 423 1740 468 multitudinem

102 480 295 536 paucitas
315 489 548 539 superaret.
579 480 682 531 Sed,
710 488 938 539 postquam
958 481 1077 530 luxu,
1105 487 1235 538 atque
1254 479 1438 531 desidia,
1466 480 1617 524 civitas
1644 496 1740 524 cor-

103 543 228 594 rupta
246 544 326 587 est,
352 541 522 582 2rursus
542 553 654 595 resp.
681 538 976 596 magnitudine
1006 536 1100 586 sua,
1129 537 1431 595 imperatorum
1456 543 1586 594 atque
1605 538 1741 595 magi·

102 600 310 637 stratuum
328 594 434 638 vitia
466 596 790 648 ⁸sustentabat3
826 596 843 621 ³
854 609 923 644 ac,
942 594 1071 638 sicuti
1091 593 1239 637 effoeta
1257 601 1448 652 parente,
1464 593 1611 637 multis
1629 601 1739 640 tem-

103 651 341 707 pestatibus
360 652 474 694 haud
509 650 614 695 sane
649 652 876 710 quisquam
905 652 1057 695 Romae
1074 651 1229 694 virtute
1262 666 1444 708 magnus
1479 650 1576 694 fuit.
1636 650 1741 703 Sed,

101 708 307 750 memoria
324 709 438 758 mea,
467 708 632 766 ingenti
651 709 824 758 virtute,
851 708 1030 751 diversis
1060 707 1250 750 moribus
1286 707 1404 751 fuere
1433 706 1511 750 viri
1545 707 1648 758 duo,
1673 708 1742 750 Μ.

102 762 228 814 Cato,
258 771 302 807 et
322 765 372 807 C.
390 765 563 818 Caesar3
601 780 726 823 quos,
754 763 958 829 quoniam
989 779 1056 807 res
1075 764 1304 814 obtulerat,
1336 764 1509 808 silentio
1526 764 1740 822 praeterire

100 835 188 863 non
208 821 291 863 fuit
309 822 550 872 consilium,
578 823 682 880 quin
702 827 923 878 utriusque
943 827 1152 870 naturam,
1181 827 1226 863 et
1253 830 1410 872 mores,
1437 821 1644 879 quantum
1673 821 1740 864 in-

101 878 230 934 genio
249 893 437 935 possem,
453 878 674 936 aperirem.
734 878 872 935 Igitur
890 877 958 920 his
988 875 1005 901 ¹’
1021 893 1173 935 genus,
1193 884 1311 926 aetas,
1339 878 1587 936 eloquentia
1605 877 1740 936 prope

102 935 283 992 aequalia
312 935 427 978 fuere
447 951 460 987 ;
512 934 766 992 magnitudo
803 933 933 977 animi
970 949 1061 992 par,
1102 934 1207 977 item
1239 934 1389 991 gloria,
1418 935 1494 978 sed
1532 935 1618 978 alia
1649 936 1742 980 alii.

102 991 248 1034 Caesar
259 991 494 1041 beneficiis,
510 1006 562 1035 ac
575 991 871 1035 munificentia
884 1006 1065 1049 magnus
1079 991 1324 1034 habebatur
1336 1008 1349 1045 ;
1381 992 1632 1049 integritate
1641 992 1741 1036 vitae

102 1047 227 1092 Cato.
259 1047 338 1090 Ille
366 1048 709 1100 mansuetudine,
738 1055 781 1092 et
801 1047 1095 1092 misericordia
1123 1047 1264 1091 clarus
1289 1049 1459 1104 factus;
1490 1049 1594 1092 huic
1622 1064 1742 1093 seve-

98 1105 202 1148 ritas
231 1104 486 1162 dignitatem
503 1105 741 1148 addiderat.
799 1105 958 1155 Caesar,
986 1105 1174 1155 ‘dando‚
1203 1105 1485 1156 sublevando,
1512 1105 1745 1163 ignoscen-

101 1162 184 1214 do;
216 1163 344 1211 Cato,
363 1163 469 1204 nihil
487 1161 505 1187 ‘¹
525 1162 765 1220 largiundo,
785 1163 965 1227 gloriam
984 1162 1166 1220 adeptus
1186 1168 1268 1205 est.
1326 1162 1377 1204 In
1397 1163 1549 1212 altero,
1577 1170 1593 1188 ⁸
1610 1163 1741 1213 mise-

101 1219 159 1261 ris
179 1219 446 1276 perfugium3
483 1219 527 1261 in
547 1219 681 1262 altero
701 1219 824 1261 malls
841 1218 1067 1276 pernicies.
1127 1218 1251 1261 Illius
1271 1218 1471 1269 facilitas,
1490 1220 1618 1276 hujus
1638 1235 1743 1263 con-

101 1276 260 1319 stantia
272 1277 538 1319 laudabatur.
582 1275 823 1326 Postremo,
844 1275 990 1319 Caesar
1008 1275 1054 1317 in
1068 1275 1258 1317 animum
1274 1274 1517 1325 induxerat,
1533 1276 1743 1326 laborare,

101 1333 289 1390 vigilare,
304 1334 491 1391 negotiis
511 1332 745 1376 amicorum
774 1333 981 1383 intentus,
1012 1346 1091 1375 sua
1124 1333 1363 1397 negligere,
1388 1332 1497 1375 nihil
1515 1332 1625 1376 dene
1658 1348 1744 1383 are,

102 1390 218 1448 quod
238 1390 353 1432 dono
373 1390 553 1447 dign-um
569 1396 710 1442 esset3
730 1389 814 1433 sibi
834 1403 1037 1447 magnum
1057 1389 1297 1447 imperium,
1316 1390 1564 1440 exercitum,
1583 1390 1636 1433 be
1655 1391 1745 1440 lum

101 1461 258 1490 novum
279 1448 530 1505 exoptabat,
558 1446 630 1490 ubi
646 1447 779 1490 virtus
798 1446 1032 1490 enitescere
1061 1452 1224 1504 posset.
1296 1447 1358 1490 At
1377 1447 1539 1490 Catoni
1554 1448 1746 1490 studium

107 1506 124 1536 s
133 1504 370 1555 modestiae,
389 1503 575 1555 decoris,
592 1503 670 1547 sed
688 1502 887 1548 maxume
908 1503 1147 1548 severitatis
1167 1511 1271 1547 erat.
1332 1502 1435 1548 Non
1453 1503 1615 1548 divitiis
1645 1518 1747 1551 eum

734 1634 1105 1669 1NTERPRETAT1Q

160 1731 174 1753 ²
195 1725 257 1769 Et
284 1726 493 1770 constabat
520 1727 618 1769 mihi
635 1726 762 1768 multa
780 1726 896 1768 sedu-
952 1732 1150 1768 ratorum.

103 1783 144 1826 l«)
153 1783 361 1842 cogitanti,
372 1798 600 1840 paucorum
624 1783 770 1825 civium
785 1797 895 1841 egre·
1010 1780 1027 1806 ³
1043 1780 1121 1831 Et,
1159 1780 1278 1824 sicuti
1307 1781 1449 1826 Roma
1479 1792 1609 1828 mater
1637 1785 1745 1843 ffoe·

98 1843 210 1899 giam
226 1841 415 1883 ‘m‘rtmem
429 1848 571 1883 cuncta
583 1839 782 1896 patr-risse.
877 1861 888 1875 ι
954 1845 1012 1887 ta,
1030 1844 1070 1880 et
1088 1837 1238 1881 lassata
1243 1837 1414 1896 fuisset,
1438 1840 1623 1901 nonfuit
1651 1842 1748 1895 εαηὲ

159 1897 177 1922 ²
196 1896 268 1940 Ex
281 1897 446 1939 adverso
464 1896 685 1954 respublica
699 1902 897 1939 sustenta·
954 1895 1168 1953 quisquam
1199 1895 1340 1938 Roma:
1371 1912 1545 1956 magnus
1579 1899 1749 1949 virtute,
1806 1944 1811 1949 ,
1868 1952 1877 1955 ‚

103 1954 174 1997 bat
203 1954 487 2012 magnitudine
534 1952 609 1998 sud
638 1953 741 2009 vitia
771 1954 896 2009 impe·
948 1966 1025 2008 per
1039 1952 1188 1995 multas
1205 1959 1465 2009 tempestates.

822 2065 1018 2109 NOTAE.

144 2167 165 2188 a
179 2154 395 2197 sustentabat]
417 2155 453 2187 Id
479 2160 542 2195 est,
567 2156 666 2188 Tanta
686 2160 750 2186 erac
775 2155 892 2198 reipub-

103 2197 168 2231 Iicae
186 2198 343 2252 opulentia,
366 2202 400 2230 ut
414 2199 637 2239 magistratuum
660 2196 840 2240 negligentid
862 2201 892 2228 et

102 2243 222 2279 inertia,
245 2252 280 2272 ea
304 2251 363 2272 non
386 2240 568 2272 intercident
580 2253 596 2280 ,-
618 2242 674 2272 sed
695 2251 791 2272 comm
818 2242 893 2272 vitia

103 2285 305 2326 magnitudine
316 2282 368 2314 sud
381 2283 586 2324 quodammodo
598 2283 772 2315 absorberet.

145 2329 166 2358 b
180 2327 304 2366 Genua]
323 2325 457 2358 Catonis
483 2335 583 2365 genus
605 2326 799 2367 principium
819 2324 894 2365 dig-

102 2371 213 2402 nitatis
228 2376 262 2401 et
289 2370 396 2410 gloriae
419 2370 439 2400 a
454 2378 573 2409 proavo
587 2369 718 2401 catone
739 2369 893 2401 Censorio

101 2414 262 2454 sumpsitt
285 2414 396 2444 Caesar
415 2412 493 2443 verb
520 2412 562 2442 ab
586 2413 655 2443 liilo
678 2410 787 2444 AEneae
816 2410 894 2449 tilio,

103 2458 219 2488 AEneas
239 2456 260 2486 a
288 2455 428 2492 Venere,
452 2463 525 2495 quae
558 2454 664 2495 ipsum
693 2464 738 2486 ex
752 2454 895 2486 Anchise

104 2500 225 2538 genuit,
245 2500 369 2530 natales
394 2498 575 2539 repetebat.
629 2499 705 2536 Sed,
728 2504 766 2529 ut
793 2497 895 2533 vides,

103 2551 177 2583 quae
198 2541 343 2574 adulatio
365 2550 408 2572 ex
430 2540 547 2572 fabulis
579 2540 759 2580 invexerat,
786 2540 895 2581 gravis

104 2589 217 2616 auctor
227 2586 247 2616 a
262 2585 305 2616 rei
318 2583 454 2615 veritate
474 2584 667 2623 segregavit.

146 2637 165 2660 c
183 2626 320 2666 Danda]
341 2626 455 2658 Noluit
482 2625 590 2658 dicere
611 2625 780 2667 largiundo,
806 2625 895 2666 quod

104 2669 136 2700 in
151 2669 267 2701 vitium
278 2673 466 2707 verteretur,
478 2668 588 2700 verum
604 2678 682 2700 usus
703 2672 750 2700 est
769 2670 907 2700 Gerun«

104 2713 158 2743 dio
171 2713 258 2752 quod
273 2713 336 2744 vim
351 2714 450 2744 habet
459 2712 743 2752 frequentativam.
778 2711 893 2745 Quoad

104 2765 172 2786 rem
193 2756 276 2788 idem
293 2755 394 2794 dicit3
419 2755 474 2787 sed
487 2765 593 2787 sermo
602 2757 755 2787 honestus
767 2760 826 2787 est.

1442 2113 1451 2128 ἢ

992 2154 1013 2185 d
1029 2153 1232 2196 largiundo-J
1263 2157 1340 2189 Non·
1360 2156 1442 2189 dixit
1461 2159 1572 2199 dando,
1588 2169 1634 2193 ne
1659 2160 1748 2193 vide-

949 2199 1040 2229 retur
1055 2197 1139 2229 cato
1160 2201 1257 2240 tenax
1279 2205 1314 2230 et
1329 2209 1461 2238 avarus,
1486 2203 1542 2234 sed
1567 2203 1723 2244 largiundo
1730 2215 1745 2242 ‚⁶

949 2243 998 2278 ut,
1024 2240 1143 2281 quibus
1170 2241 1393 2280 largitionibus
1406 2244 1463 2275 alii
1484 2246 1599 2285 populi¹
1610 2247 1745 2286 gratiam

949 2286 985 2328 et
997 2282 1149 2323 suffragia
1158 2283 1422 2326 emendicabant,
1436 2287 1479 2318 ab
1500 2288 1541 2320 iis
1555 2289 1609 2321 ille
1621 2289 1748 2330 integer

949 2328 1279 2408 οὓξηῧῗείῑῗὲἳΐὶωδ
1300 2374 1333 2402 et
1358 2371 1465 2411 malis,
1498 2383 1575 2406 nam
1599 2375 1746 2416 utrisque

952 2410 1063 2442 Caesar
1075 2410 1228 2444 favebat:
1252 2414 1307 2445 sed
1327 2413 1406 2445 illud
1427 2415 1612 2449 dissimulat
1625 2419 1747 2450 Sallus-

951 2454 1028 2492 tius,
1044 2454 1100 2494 qui
1121 2454 1257 2497 etipse,
1276 2456 1306 2488 in
1328 2458 1389 2496 his,
1409 2458 1430 2488 a
1446 2459 1534 2491 Julio
1548 2464 1748 2493 sustentatus

951 2496 1070 2528 fuerat.
1111 2498 1228 2529 Nonne
1248 2500 1347 2531 modo
1367 2501 1575 2541 largitionum
1606 2504 1747 2536 Caesaris

952 2538 1105 2572 invidiam
1115 2541 1254 2572 honesto·
1262 2543 1391 2574 nomine
1403 2544 1575 2577 declinavit
1587 2545 1599 2576 ?
1645 2547 1746 2586 Egre-

953 2582 1026 2622 gius
1037 2582 1169 2623 artifex,
1184 2593 1283 2624 quem
1300 2595 1397 2622 nemo
1407 2596 1473 2619 non
1487 2588 1592 2620 virum
1607 2590 1744 2629 sanctisss

951 2626 1068 2657 simum
1084 2626 1209 2664 credat,
1228 2627 1292 2667 nisi
1313 2629 1442 2665 aliunde
1461 2635 1560 2663 notus
1573 2633 1625 2662 sit.

993 2668 1012 2699 f
1026 2668 1212 2711 Modestia]
1247 2671 1332 2702 Vide
1353 2672 1434 2713 quid
1458 2673 1503 2705 tit
1527 2674 1681 2706 modestia
1701 2683 1744 2704 ex

950 2712 1100 2784 gpposito
1111 2713 1251 2745 Cesaris
1267 2714 1394 2754 ingenio
1408 2717 1545 2756 agitato,
1561 2717 1659 2753 elato,
1674 2726 1746 2750 um-

973 2755 1076 2787 itioso.

956 2796 997 2839 D
