1838 3158
673 200 768 265 xm
803 199 1190 249 imnum.

96 335 274 398 tisque,
292 342 400 383 toto
415 334 647 399 deniqne
681 332 944 381 Musarum
975 331 1423 389 choromeruerit,
1449 333 1538 396 qui
1558 337 1750 391 omnes,

97 408 350 463 quotquot
365 401 611 448 habemus
626 399 822 447 Latinae
844 398 1032 461 linguae
1051 406 1300 454 auctoreS‚
1311 413 1377 445 eo
1396 413 1500 461 quo
1521 401 1754 463 praesrip-

93 465 158 514 sit
178 466 349 522 mod0,
372 466 693 530 castigandos
710 473 762 512 et
780 464 1089 512 enarrandos
1111 463 1415 526 procuravit,
1440 479 1545 512 non
1568 481 1682 527 ego,
1699 467 1752 512 in

98 530 432 588 hacinfantia,
447 532 536 579 sed
551 529 1225 594 quibuscumquebonorum
1238 529 1465 577 omnium
1484 546 1590 577 non
1606 530 1755 578 fuerit

95 595 273 645 innata
295 598 455 660 turpis
471 597 769 652 adversatio,
782 594 1339 658 omnespraedicabunt.
1358 595 1474 642 Iam
1486 595 1610 642 nihil
1626 611 1753 659 opus

91 662 194 709 erit
224 663 506 711 vernaculis
529 662 647 719 istis,
670 663 723 709 el:
741 661 1013 725 quotannis
1055 661 1165 707 fere
1186 661 1488 708 renovandis
1509 661 1753 724 interpre-

94 728 389 785 tationibuS,
412 744 514 791 que
537 729 622 776 vix
643 727 760 774 satis
783 742 1009 788 unquam
1026 725 1249 773 auctoris
1260 741 1466 774 sensum
1478 735 1755 791 etrscopum

89 803 457 856 ‚assequuntur3
489 809 690 855 semper
724 792 791 838 ab
815 792 923 855 ejus
946 791 1163 845 ratione,
1207 791 1465 855 modoque
1492 793 1752 854 recedunt.

89 858 337 923 Quisquis
360 861 413 906 in
436 858 630 906 Latinae
663 857 851 920 linguae
878 857 1246 920 cognoscendis
1270 857 1528 921 principiis
1547 874 1757 922 operam

97 940 242 972 suam
260 941 352 986 per
372 940 465 972 sex
486 939 686 972 menses
702 923 945 970 adhibere
962 922 1192 980 voluerit,
1207 922 1248 969 is
1271 931 1451 985 postea
1468 923 1604 970 solus
1618 941 1757 988 mag-

101 1006 220 1039 nam
242 990 379 1039 illam
410 989 603 1038 virtutis
627 989 871 1044 altricem,
905 996 1128 1036 veterem
1151 988 1372 1036 :Romam
1412 989 1545 1046 dico,
1569 991 1757 1053 poterit

98 1056 428 1118 perlustrare3
447 1063 688 1118 tutusque
706 1054 1112 1102 venerandorum
1133 1055 1239 1117 ejus
1262 1055 1760 1118 sepultorummanes

99 1122 153 1169 in
170 1121 415 1169 auxilium
440 1130 491 1169 et
521 1120 787 1168 consilium
812 1134 1042 1167 evocare.
1106 1119 1322 1167 Utinam
1346 1123 1480 1177 vero,
1505 1121 1644 1184 quod
1684 1134 1761 1168 re-

97 1188 295 1251 liquum
311 1197 400 1243 est,
423 1195 529 1235 tarn
558 1186 727 1235 multis
761 1185 1207 1233 commoditatibus
1252 1186 1404 1249 culpa
1442 1188 1612 1233 nostra
1635 1186 1759 1234 nihil

99 1253 386 1302 detractum
413 1252 576 1300 fuerit.
646 1251 889 1299 Socordia
935 1267 1040 1298 non
1074 1251 1300 1298 evenerit
1338 1251 1598 1314 profecto:
1634 1251 1762 1308 Quae

100 1327 274 1369 autem
297 1335 389 1382 per
404 1318 707 1381 imperitiam
727 1317 933 1365 turbata
957 1316 1159 1373 fuerint,
1181 1334 1243 1364 ea
1257 1325 1315 1364 ut
1332 1319 1652 1365 humanitate
1675 1318 1764 1365 tufi

103 1400 348 1434 excusare
366 1385 504 1440 veliS,
518 1384 682 1431 lector
693 1383 962 1440 benevole,
980 1398 1197 1430 oramus.
1265 1382 1416 1438 Quod
1440 1384 1479 1430 si
1499 1384 1765 1432 illustrissi-

102 1467 215 1499 mus
230 1445 614 1497 Condomiensis
638 1449 907 1512 episcopus
925 1464 992 1495 ex
1008 1448 1231 1504 assiduis,
1247 1449 1448 1511 quibus,
1460 1449 1513 1496 in
1533 1450 1765 1497 erudien-

103 1516 171 1563 do
190 1516 438 1579 principe,
452 1515 707 1563 detinetur
722 1515 870 1571 curiS,
885 1514 948 1560 ad
967 1515 1076 1561 haec
1091 1514 1237 1570 levia,
1257 1515 1483 1562 animum
1498 1515 1765 1564 demittere

103 1581 375 1644 potuisset3
400 1589 488 1628 aut
505 1580 812 1628 nobilissimo
833 1579 1023 1627 Huetio
1042 1580 1095 1626 in
1106 1580 1386 1641 earundem
1401 1595 1641 1628 curarum
1652 1598 1765 1644 par-

103 1655 209 1694 tem
221 1647 395 1703 ascito,
403 1647 506 1709 qua
514 1644 1226 1693 benevolentialaborantibus
1240 1646 1385 1692 nobis
1395 1652 1766 1710 nonnunquam

106 1712 357 1769 subvenit,
375 1713 553 1759 eadem
583 1719 748 1758 totum
777 1725 904 1772 opus
927 1710 991 1756 ad
1028 1726 1247 1757 examen
1276 1727 1423 1758 suum
1448 1727 1688 1760 revocare
1710 1714 1767 1760 li-

104 1778 307 1834 cuisset,
350 1777 538 1841 aliquid
563 1778 701 1824 certe
725 1775 1080 1839 promovendis
1115 1775 1289 1823 studiis
1309 1776 1479 1824 utilius
1510 1778 1769 1827 excudere

107 1844 457 1907 potuissemus
514 1842 667 1898 Quod
705 1841 867 1897 nobiS,
892 1841 978 1904 qui
1015 1841 1183 1903 piores
1214 1841 1267 1888 in
1291 1843 1427 1890 hanc
1451 1859 1660 1893 arenam
1683 1845 1768 1891 de-

103 1910 410 1965 scendimm,
434 1908 678 1972 quoniam
719 1906 924 1954 fortuna
959 1907 1139 1955 melior
1159 1907 1352 1965 invidit,
1394 1908 1576 1972 siquid
1597 1910 1768 1958 inhoc

106 1976 253 2038 quasi
276 1974 524 2038 praeludio
548 1973 943 2038 peccaverimuS,
968 1972 1198 2029 aliorum,
1223 1973 1309 2036 qui
1333 1973 1470 2021 idem
1494 1975 1773 2024 decurrunt

109 2041 347 2098 stadium,
365 2040 627 2103 diligentia
643 2038 902 2086 sarcietur.
938 2037 1105 2086 Multa
1119 2039 1339 2086 dicenda
1354 2049 1691 2103 superessent,
1714 2050 1771 2089 ut

109 2106 413 2169 quibusdam
431 2105 736 2161 hominibuS,
750 2120 877 2168 quos
897 2104 1162 2152 nominare
1178 2104 1302 2153 nihil
1327 2105 1525 2164 attinet,
1535 2122 1639 2154 non
1656 2115 1771 2155 tam

109 2172 532 2229 satisfaceremus,
556 2171 694 2234 quod
711 2186 864 2218 nemo
882 2178 1030 2217 natus
1049 2169 1242 2227 fecerit,
1266 2173 1420 2234 quam
1443 2172 1773 2234 respondere-

111 2253 245 2285 mus:
280 2237 361 2295 At,
386 2238 610 2301 quietem
627 2244 851 2284 nostram
874 2235 961 2299 qui
981 2235 1105 2282 nihil
1122 2236 1471 2293 turbaverunt,
1494 2237 1589 2284 illis
1611 2238 1771 2285 multo

113 2303 291 2351 melius
301 2304 395 2351 erit
403 2303 628 2366 quietam
634 2310 860 2351 mentem
868 2302 1004 2348 bona
1011 2317 1164 2364 prece
1175 2302 1453 2365 deprecari.
1480 2302 1773 2359 Quomodo-

111 2384 335 2432 cumque
345 2376 511 2417 errata
533 2377 706 2416 nostra
718 2367 1054 2431 patefecerint
1077 2367 1174 2415 nisi
1184 2367 1312 2415 forte
1327 2368 1480 2416 etiam
1502 2369 1613 2426 illis,
1638 2370 1774 2433 apud

113 2433 335 2497 Superos
357 2451 557 2498 semper
573 2433 1020 2492 commorantibus,
1036 2433 1306 2496 indignum
1318 2433 1570 2482 videbitur
1584 2435 1650 2482 ad
1671 2444 1774 2482 tam

115 2500 231 2549 vilia
253 2516 361 2548 sese
402 2500 684 2557 demittere,
728 2499 1077 2548 lubentissimo
1112 2499 1282 2549 animo
1307 2500 1631 2563 corrigemus.
1696 2501 1776 2548 Tu

63 2577 66 2581 ’
116 2565 285 2623 modo,
308 2566 361 2613 id
385 2566 524 2630 quod
562 2582 638 2614 res
662 2574 752 2622 est,
777 2565 962 2628 cogita,
1000 2565 1220 2612 candide
1239 2566 1416 2621 lector,
1437 2582 1530 2613 nos
1552 2566 1778 2614 maximo

114 2631 283 2679 studio
293 2633 458 2680 enisos
466 2648 591 2688 esse,
604 2641 662 2679 ut
676 2640 938 2678 auctorem
952 2632 1240 2678 nostrumin
1253 2631 1478 2694 perfacili
1489 2632 1779 2694 cognitione

119 2713 438 2759 poneremus.
510 2697 646 2745 Hinc
683 2697 820 2754 inde,
842 2697 1297 2754 indiscriminatim,
1331 2712 1669 2760 quaecumque
1716 2697 1782 2744 ad

122 2763 260 2822 hunc
279 2779 492 2826 scopum
513 2764 700 2811 ducere
720 2763 1042 2819 credidimus,
1072 2763 1236 2809 securi
1250 2763 1614 2824 desumpsimus
1634 2779 1646 2808 ε
1680 2762 1782 2809 Ne-

121 2843 223 2891 que
240 2844 302 2876 eo
325 2830 597 2879 minimum
615 2829 918 2893 cujusquam
964 2827 1218 2892 scriptoris
1257 2828 1396 2877 laudi
1420 2827 1655 2890 gloriaeve
1700 2829 1786 2875 de-

915 2910 945 2939 a
981 2897 1009 2940 2
