1884 3172
663 184 728 230 IN
760 184 1156 230 SALLUSTIUM.
1640 184 1723 231 2³1

76 316 237 345 nocens
269 300 425 359 eguisti
454 298 708 358 patrocinio.
765 300 836 341 An
852 298 991 343 ullum
1009 297 1243 340 existumas
1263 310 1389 352 posse
1403 297 1499 341 fieri
1521 297 1659 340 civem
1677 310 1723 339 e·

80 359 287 416 gregium,
309 359 383 416 qui
403 372 490 400 non
507 356 577 399 his
595 356 758 398 artibus
780 362 824 398 et
840 354 1082 412 disciplinis
1102 353 1161 396 sit
1177 353 1400 396 eruditus?
1446 354 1518 395 An
1536 354 1626 396 ulla
1639 353 1726 396 alia

79 423 206 471 putas
226 431 319 458 esse
340 414 594 461 rudimenta,
620 426 664 456 et
693 411 955 455 incunabula
974 411 1157 458 virtutis,
1175 410 1333 466 quibus
1350 409 1480 452 animi
1502 410 1557 451 ad
1578 411 1725 466 gloriae

78 472 358 528 cupiditatem
393 471 593 513 aluntur?
652 469 739 511 Sed
772 466 945 511 minime
970 468 1123 510 mirum
1154 474 1234 516 est,
1255 466 1306 508 P.
1327 467 1379 509 C.
1408 466 1444 508 si
1474 467 1619 515 homo,
1650 466 1722 522 qui

80 529 272 577 desidiae,
292 543 343 570 ac
362 527 554 574 luxuriae,
572 527 726 584 plenus
754 526 838 576 sit3
866 525 959 567 haec
991 522 1055 567 ut}
1085 538 1210 572 nova,
1239 531 1369 581 atque
1398 523 1617 574 inusitata,
1647 523 1727 564 mi-

79 593 207 627 ratur.
266 585 376 626 Nam
397 583 516 641 quod
539 583 626 626 ista
654 582 861 625 inusitata
889 581 1006 624 rabie
1040 581 1281 637 petulanter
1310 581 1354 622 in
1385 595 1575 628 uxorem,
1605 587 1650 621 et
1680 580 1726 621 in

79 641 211 682 filiam
231 656 370 683 meam
389 641 598 689 invasisti,
617 647 633 664 ⁸
648 654 744 697 quae
766 638 932 682 facilius
961 638 1159 680 mulieres
1179 652 1225 679 se
1246 636 1274 678 ὲ
1291 637 1391 679 viris
1411 637 1726 684 abstinuerunt,

80 697 209 754 quarn
240 705 287 740 tu
306 698 369 739 vir
399 697 426 740 ὲ
459 697 575 744 viris,
603 697 709 739 satis
740 694 886 743 docte,
918 710 970 738 ac
1001 692 1138 752 perite
1170 694 1325 736 fecisti.
1385 694 1486 736 Non
1515 693 1629 737 enim
1658 708 1727 735 me

79 754 259 811 sperasti
281 762 474 797 mutuam
504 754 583 796 tibi
616 753 796 810 gratiam
825 753 1069 806 relaturum,
1098 758 1142 793 et
1160 750 1349 792 vicissim
1368 757 1464 792 tuas
1497 750 1730 807 compellaa·

81 818 236 853 turum.
296 811 420 854 Unus
439 810 554 854 enim
582 809 687 852 satis
719 823 766 851 es
798 808 985 851 materiae
1012 808 1191 857 habens,
1211 822 1351 864 neque
1377 807 1611 864 quidquam
1642 814 1731 850 tur-

81 867 178 923 pius
199 875 264 911 est
283 867 399 910 domi
420 875 520 916 tuae,
537 865 669 924 quam
688 873 751 908 tu.
810 865 1000 907 Multum
1018 872 1062 906 te
1081 863 1183 906 vero
1211 864 1359 921 opinio
1385 865 1511 912 fallit,
1530 864 1603 922 qui
1625 863 1740 918 mihi,

82 924 244 980 putasti
266 939 412 981 parare
433 924 637 966 invidiam
658 937 711 970 ex
730 923 830 964 mea
861 937 905 964 re
935 921 1162 972 familiari;
1192 936 1289 977 quae
1309 920 1445 964 multo
1468 922 1571 963 mihi
1590 921 1738 973 minor*

81 988 162 1028 est,
181 980 311 1038 quam
331 980 487 1023 habere
507 979 665 1036 dignus
685 979 783 1022 sim.
839 979 986 1042 Atque
1005 978 1169 1023 utinam
1188 993 1243 1020 ue
1270 986 1390 1020 tanta
1408 978 1583 1036 quidem
1603 985 1732 1026 esset,

84 1046 244 1094 quanta
263 1044 357 1090 est;
388 1036 451 1079 uti
470 1036 614 1094 potius
634 1035 763 1079 amici
781 1036 866 1078 mei
892 1042 1097 1084 viverent,
1118 1034 1250 1092 quam
1270 1050 1351 1089 ego
1371 1035 1639 1078 testamentis
1659 1050 1739 1090 eo-¹

83 1109 175 1136 rum
196 1094 452 1151 locupletior
470 1109 626 1136 essem.
683 1092 780 1150 Ego
800 1094 948 1150 fugax,
968 1091 1120 1148 Crispe
1144 1091 1357 1134 Sallusti?
1402 1092 1550 1135 Furori
1570 1092 1738 1149 tribuni¹

82 1152 143 1207 pl.
162 1152 270 1195 cessi
289 1168 299 1193 ε
330 1151 478 1194 utilius
498 1151 618 1200 duxi,
650 1150 667 1175 ¹²
680 1150 877 1208 quamvis
907 1149 1120 1192 fortunam
1140 1164 1251 1191 unus
1272 1149 1466 1206 experiri,
1486 1148 1618 1207 quam
1637 1148 1736 1191 uni-

83 1223 206 1251 verso
227 1209 387 1265 populo
407 1208 462 1250 R.
484 1207 623 1250 civilis
651 1222 791 1250 essem
820 1205 1104 1248 dissensionis
1132 1220 1292 1248 causa:
1322 1206 1413 1263 qui,
1431 1214 1584 1262 postea
1603 1205 1735 1263 quam

82 1271 99 1288 ⁰
117 1265 189 1307 ille
210 1280 334 1307 suum
354 1280 515 1312 annum
542 1264 587 1306 in
613 1263 1033 1321 rep-‚perbacchatus
1054 1268 1149 1314 est;
1180 1262 1408 1320 omniaque
1430 1278 1526 1320 quae
1546 1277 1738 1305 commo-

85 1329 217 1370 verat,
251 1336 373 1379 pace‚
406 1329 451 1364 et
482 1321 587 1371 otio,
621 1322 898 1372 resederunt3
927 1320 1014 1362 hoc
1042 1318 1191 1362 ordine
1221 1327 1462 1369 revocante,
1490 1327 1620 1378 atque
1641 1320 1738 1378 ipsfi.

84 1394 175 1436 rep.
194 1393 323 1420 manu
354 1378 595 1421 retrahente
622 1393 706 1425 me,
735 1376 902 1420 reverti.
961 1376 1047 1426 Qui
1066 1376 1172 1419 mihi
1202 1377 1311 1425 dies,
1337 1376 1374 1419 si
1407 1376 1507 1420 cum
1526 1378 1642 1420 omni
1670 1392 1738 1419 re-

85 1435 207 1492 liqua
235 1434 325 1477 vita
354 1433 611 1485 conferatur,
642 1434 785 1477 animo
819 1434 995 1492 quidem
1026 1447 1122 1475 meo
1155 1432 1172 1457 ‘¹
1200 1441 1385 1490 superet,
1415 1434 1514 1476 cum
1551 1434 1738 1477 universi

86 1507 178 1541 vos,
205 1492 477 1549 populusque
505 1491 563 1534 R.
592 1492 793 1548 frequens
822 1491 1010 1533 adventu
1045 1504 1142 1532 meo
1180 1491 1419 1548 gratulatus
1458 1499 1539 1534 est.
1611 1491 1739 1533 Tanti

84 1564 155 1591 me
197 1549 412 1606 fugacem,
457 1556 472 1573 ⁸
490 1548 796 1592 mercenarium
839 1554 1065 1604 patronum
1110 1547 1154 1588 hi
1198 1548 1528 1591 aestimaverunt.
1583 1548 1739 1606 Neque

85 1606 259 1648 hercule
289 1605 444 1648 mirum
472 1613 554 1655 est,
582 1605 650 1648 fsi
678 1620 760 1662 ego
791 1619 959 1662 semper
990 1605 1133 1659 justas
1161 1605 1354 1646 omnium
1382 1604 1595 1648 amicitias
1624 1604 1740 1647 aesti-

86 1663 214 1705 mavi.
284 1662 386 1705 Non
415 1662 529 1704 enim
559 1662 633 1705 uni
663 1661 861 1720 privatim
890 1661 1119 1704 ancillatus
1148 1675 1261 1709 sum,
1297 1676 1438 1718 neque
1467 1677 1536 1704 me
1565 1661 1738 1704 addixi:

85 1720 179 1770 sed,
207 1718 416 1777 quantum
445 1719 628 1778 quisque
657 1719 763 1775 reip.
790 1718 976 1767 studuit,
1004 1717 1173 1760 tantum
1200 1718 1306 1760 mihi
1326 1718 1429 1761 suit
1456 1726 1532 1762 aut
1559 1718 1741 1767 amicus,

86 1783 162 1819 aut
203 1776 417 1819 inimicus.
489 1776 585 1834 Ego
614 1775 723 1818 nihil
762 1774 860 1832 plus
890 1775 1006 1818 volui
1035 1776 1192 1824 valere,
1222 1774 1353 1832 quam
1388 1791 1569 1833 pacem:
1613 1775 1739 1819 multi

85 1848 202 1875 arma
231 1848 309 1876 sua
340 1833 479 1875 timeri
508 1833 748 1875 voluerunt.
804 1832 912 1888 Ego,
931 1847 1151 1889 nunquam
1179 1831 1296 1874 volui
1330 1833 1567 1890 quidquam
1594 1847 1740 1890 posse,

86 1889 170 1932 nisi
190 1905 267 1948 pro
285 1890 435 1933 vobis:
456 1889 581 1932 multi
596 1904 650 1932 ex
663 1889 803 1937 vobis,
822 1889 1020 1945 potentia
1037 1889 1149 1937 freti,
1166 1888 1211 1931 in
1231 1902 1313 1931 vos·
1327 1890 1420 1932 suis
1436 1890 1598 1932 viribus
1614 1889 1739 1932 abusi

87 1953 202 1989 suut.
232 1947 384 2004 Itaque
399 1962 485 1988 non
503 1953 570 1988 est
582 1946 752 1995 mirum,
767 1945 804 1987 si
820 1945 979 1988 nullius
994 1945 1187 1988 amicitia
1202 1960 1306 1988 usus
1323 1962 1436 1997 sum,
1448 1946 1522 2004 qui
1540 1962 1627 1989 non
1644 1961 1741 2011 per-

86 2003 218 2060 petuo
238 2004 342 2060 reip.
363 2003 527 2046 amicus
546 2003 656 2056 fuit3
685 2017 826 2061 neque
846 2017 914 2044 me
934 2002 1133 2059 poenitet,
1164 2003 1200 2044 si
1236 2009 1312 2045 aut
1340 2004 1504 2060 petenti
1532 2003 1739 2046 ⁸Vat1nio

84 2075 158 2102 reo
177 2060 463 2116 patrocinium
482 2060 700 2116 pollicitus
720 2074 836 2111 sum3
870 2067 946 2101 aut
965 2059 1102 2100 Sextii
1127 2059 1402 2102 insolentiam
1427 2060 1640 2118 repressi3
1665 2067 1742 2103 aut

86 2116 104 2141 ¹¹
120 2117 267 2159 Bibuli
288 2117 539 2174 patientiam
564 2115 750 2174 culpavi,
768 2122 845 2158 aut
861 2115 1092 2160 virtutibus
1102 2115 1295 2159 ·Caesaris
1310 2116 1411 2161 favi.
1468 2117 1478 2142 ⁵
1495 2117 1577 2160 Hae
1592 2117 1744 2160 laudes

829 2205 1026 2248 NOTAE.

134 2291 154 2312 a
171 2260 275 2320 Qum]
322 2278 394 2310 Tum
407 2288 494 2317 uror,
508 2279 644 2319 tumfilia
659 2289 732 2310 mee.
943 2277 1024 2310 stius
1057 2278 1197 2318 dixerat,
1229 2278 1415 2310 Ciceronem
1447 2277 1573 2310 Vatinii
1606 2286 1741 2309 causam

130 2325 152 2354 b
167 2322 338 2361 svamm]
383 2321 440 2352 Vel
449 2322 669 2362 iniqtdm'mmn.
944 2331 1053 2362 agere.
1075 2326 1247 2363 postquam
1274 2323 1454 2356 orationem
1485 2325 1603 2353 contra
1633 2322 1741 2361 ipsum

131 2376 150 2398 c
165 2365 250 2406 lua]
292 2366 453 2396 Tribunus
466 2365 600 2405 scilicet,
615 2365 759 2402 Clodius.
945 2365 1120 2397 habuisset.

134 2410 157 2441 d
172 2405 324 2450 superet]
349 2407 382 2439 ld
398 2412 462 2446 est,
477 2406 671 2439 Praeuannor
684 2412 713 2439 et
727 2407 889 2447 jumndubr
987 2409 1011 2439 h
1030 2406 1133 2439 Bibuli
1160 2407 1365 2449 patientiam]
1406 2409 1514 2439 Tanta
1550 2407 1623 2444 fuit,
1661 2407 1745 2438 refe·

90 2453 237 2484 videalw.
279 2451 340 2481 Sed
354 2451 439 2490 vide,
463 2451 554 2488 mihi,
580 2460 703 2493 queso,
716 2451 891 2490 quomodo,
945 2454 1037 2482 rente
1057 2450 1221 2488 Suetonio,
1242 2454 1281 2481 ut
1300 2451 1461 2489 nonnulli,
1490 2451 1576 2491 quod
1606 2450 1654 2481 ita
1674 2451 1746 2482 Ce-

91 2506 153 2527 non
178 2494 304 2526 tantum
326 2493 454 2533 objecta
466 2494 587 2532 diluat,
609 2494 666 2525 sed
691 2493 727 2525 iu
752 2494 888 2533 gloriam
945 2494 1009 2526 sari
1030 2493 1065 2525 iu
1088 2494 1259 2525 consulatu
1289 2494 1450 2532 cessisset,
1481 2503 1545 2524 non
1570 2492 1641 2525 caio
1661 2493 1746 2523 Julio

89 2542 211 2570 vertat.
945 2535 1074 2576 Caere,
1086 2541 1115 2567 el
1128 2535 1252 2573 Bibulo.
1262 2536 1444 2576 consulam,-
1458 2537 1515 2567 sed
1529 2535 1600 2578 Caio
1609 2539 1638 2567 el
1646 2535 1744 2575 Julio,

134 2592 155 2613 e
169 2579 415 2623 {ueremini-1
463 2579 555 2611 Istud
579 2578 800 2620 objectaverat
821 2579 893 2611 Sal·
949 2590 1008 2620 per
1014 2577 1142 2619 jocum,
1155 2579 1343 2611 scriberent.

91 2624 219 2662 iustius,
234 2633 290 2655 neu
303 2623 450 2665 quisquis
465 2623 526 2654 fuit
546 2621 616 2662 qius
638 2622 711 2655 loco
724 2622 891 2654 declama·
991 2623 1002 2654 i
1019 2622 1079 2653 11ae
1096 2621 1225 2664 laudm]
1272 2621 1412 2659 Virtuti,
1433 2622 1600 2659 nimirum,
1620 2626 1653 2653 et
1673 2621 1749 2652 viri·

95 2674 158 2697 tor.
949 2665 1069 2706 probis,
1089 2666 1382 2706 quomodocunque
1413 2665 1544 2696 faveret
1574 2665 1650 2696 iude
1677 2672 1752 2696 tan·

139 2710 155 2740 f
173 2708 236 2747 Si.]
277 2709 340 2740 Pro
353 2709 599 2750 Quandoquidem.
949 2709 1018 2741 tum
1040 2708 1099 2741 sihi
1133 2708 1263 2743 amieos,
1285 2718 1424 2748 parare:
1446 2708 1548 2746 illos„
1562 2707 1751 2747 ³i.priorem

140 2763 159 2792 g
179 2751 328 2792 Vatinia]
369 2751 552 2793 Respondet
566 2752 608 2784 ad
630 2751 661 2784 id
683 2752 771 2793 quod
786 2752 894 2784 Sallu·
951 2751 1204 2786 sanctimonia
1215 2752 1293 2784 vitae
1302 2751 1528 2784 innocentiam
1540 2750 1672 2791 flagitiis
1682 2761 1763 2783 ma.

1285 2884 1307 2898 N
