1884 3172
537 236 775 281 BELLUM
810 233 1265 279 JUGURTHINUM.
1627 234 1706 278 115

78 351 193 395 domi
206 352 413 400 modicus,
430 350 633 394 lubidinis
651 359 695 394 et
706 349 947 393 divitiarum
961 349 1111 398 victor,
1130 346 1425 390 tantummodo
1473 347 1589 389 loriae
1613 347 1704 390 avi·

79 411 174 452 dus.
232 409 318 451 Sed
341 408 378 450 is
400 414 525 450 natus
545 414 590 450 et
607 422 775 450 omnem
798 406 1022 463 pueritiam
1049 412 1066 430 ⁸
1083 404 1234 462 Arpini
1267 404 1393 452 altus,
1422 419 1451 445 u
1483 403 1496 445 i
1525 404 1706 460 primum

79 473 182 508 oetas
198 465 360 507 militiae
373 464 542 529 patiens
562 464 658 515 fuit,
685 463 911 520 stipendiis
930 462 1158 510 faciundis,
1186 475 1274 503 non
1303 459 1457 502 Graecfl
1488 460 1707 509 facundia,

78 537 216 579 neque
237 522 408 563 urbanis
427 521 671 562 bmunditiis
689 534 783 562 sese
809 519 1022 562 exercuit:
1054 518 1116 561 ita
1133 518 1245 560 inter
1274 517 1376 559 artis
1405 518 1542 559 bonas
1571 516 1707 558 ¹inte·

78 577 430 634 grumingenium
447 575 564 619 brevi
578 576 778 619 adolevit.
836 576 952 632 Ergo
985 575 1059 617 ubi
1094 573 1276 632 primum
1308 574 1572 615 tribunatum
1591 572 1704 614 mili·
1758 583 1770 593 ²

78 644 168 676 tum
188 633 214 675 ὲ
229 634 388 691 populo
408 633 529 690 petit,
542 634 756 690 plerisque
771 633 925 674 faciem
939 633 1032 688 ejus
1047 630 1359 688 ignorantibus,
1380 630 1520 678 facile,
1537 633 1554 656 ²
1567 636 1710 676 notus,
1736 645 1755 651 ··

76 705 152 747 per
170 691 309 733 omnis
327 690 463 733 tribus
482 691 736 732 declaratur.
786 689 955 731 Deinde
974 689 1029 730 ab
1047 702 1099 730 eo
1115 687 1384 744 magistratu,
1401 687 1532 728 alium
1548 693 1648 742 post
1665 699 1711 727 a·

76 747 182 789 lium
200 747 281 789 sibi
303 746 486 804 peperit:
522 760 773 803 semperque
803 745 848 786 in
876 744 1163 802 potestatibus
1193 758 1245 786 eo
1273 743 1403 784 modo
1422 742 1628 799 agitabat,
1663 748 1713 784 ut

76 804 297 860 ampliore,
327 802 457 860 quam
476 803 665 859 gerebat,
694 802 851 858 dignus
867 801 1108 858 haberemr.
1163 799 1324 842 Tamen
1343 798 1381 841 is
1400 797 1486 841 ³ad
1513 798 1560 840 id
1592 799 1712 842 loco·

75 874 170 902 rum
189 859 287 902 talis
303 860 366 902 vir
393 864 511 913 (nam
530 866 679 915 postea
698 857 934 900 ambitione
951 856 1142 913 princeps
1176 855 1304 898 datus
1325 856 1407 908 est)
1442 855 1714 898 consulatum

76 923 275 973 appetere
295 931 381 958 non
400 915 600 958 audebat.
659 914 803 957 Etiam
823 921 915 956 tum
947 913 1056 955 alios
1088 912 1362 969 magistratus
1379 912 1529 969 plebes
1550 926 1708 954 consu-

77 974 211 1015 latum
235 971 436 1015 nobilitas
454 971 565 1014 inter
583 986 632 1013 se
644 975 660 994 ²
672 985 748 1028 per
762 979 914 1013 manus
933 969 1145 1012 tradebat.
1205 969 1355 1011 Novus
1371 983 1497 1010 nemo
1517 975 1605 1011 tam
1625 968 1713 1011 cla-

77 1044 164 1078 rus,
188 1043 327 1086 neque
346 1035 434 1071 tam
455 1028 654 1085 egregius
677 1027 804 1070 factis
824 1033 926 1075 erat,
961 1026 1066 1087 quin
1084 1026 1123 1067 is'
1140 1025 1344 1082 indignus
1359 1025 1436 1067 illo
1454 1025 1631 1072 honore,
1670 1031 1715 1067 et

78 1086 201 1142 quasi
215 1086 405 1142 pollutus
424 1084 662 1127 haberetur.
711 1084 862 1140 Igitur,
891 1083 966 1125 ubi
981 1081 1146 1124 Marius
1166 1082 1294 1124 harus
1325 1081 1405 1123 icis
1423 1082 1541 1123 dicta
1559 1081 1715 1124 eodem

78 1142 297 1185 intendere
317 1141 450 1190 videt,
481 1155 567 1198 quo
594 1140 755 1197 cupido
790 1140 921 1182 animi
938 1139 1200 1186 hortabatur,
1228 1139 1284 1180 ab
1358 1139 1486 1180 etello
1505 1136 1522 1161 ‘¹
1535 1137 1714 1195 petundi

80 1199 219 1254 gratia
246 1198 494 1240 missionem
523 1204 673 1254 rogat:
725 1197 796 1239 cui
825 1209 1084 1253 quamquam
1112 1195 1260 1243 virtus,
1289 1194 1440 1250 gloria,
1468 1201 1599 1252 atque
1634 1193 1720 1236 alia

82 1255 271 1299 cotanda
292 1255 416 1297 bonis
431 1254 731 1310 ⁴superabant,
762 1259 908 1295 tamen
936 1253 1074 1294 inerat
1093 1257 1364 1307 contemptor
1382 1251 1566 1300 animus,
1584 1257 1630 1293 et
1647 1266 1720 1292 su·
1780 1232 1799 1332 Ἡ

82 1311 244 1368 perbia‚
273 1318 289 1335 ⁶
307 1324 533 1353 commune
561 1309 799 1352 nobilitatis
837 1309 1008 1351 malum.
1069 1307 1222 1365 Itaque
1259 1306 1445 1364 primum
1474 1313 1717 1350 commotus
1751 1330 1755 1333 «

82 1368 258 1422 insolita
288 1382 347 1415 re,
379 1366 519 1409 mirari
549 1368 642 1423 ejus
662 1366 906 1415 consilium,
940 1373 985 1408 et
1017 1365 1141 1422 quasi
1171 1378 1248 1421 per
1277 1364 1509 1406 amicitiam
1528 1378 1718 1411 monere,

82 1439 136 1467 ne
182 1432 272 1466 tam
317 1423 471 1480 fprava
516 1423 738 1480 inciperet,
774 1437 859 1465 neu
891 1436 1021 1479 super
1062 1421 1278 1464 fortunam
1306 1420 1496 1463 animum
1523 1428 1716 1478 gereret:

82 1495 160 1523 non
178 1481 311 1523 omnia
328 1480 508 1522 omnibus
526 1479 719 1537 cupienda
739 1495 844 1522 esse.-
889 1480 1044 1521 debere
1071 1478 1137 1520 illi
1174 1492 1241 1520 res
1280 1493 1380 1520 suas
1419 1478 1524 1520 satis
1553 1478 1723 1535 placere

722 1567 1090 1599 INTERPRETATIO.

142 1629 154 1652 ¹
177 1627 251 1669 Ita
269 1625 475 1683 ingenium
493 1625 770 1679 incorruptum
789 1625 876 1667 bre·
933 1616 1085 1680 tempas
1120 1623 1221 1667 ade&
1247 1622 1392 1673 clarus,
1434 1627 1554 1678 (nam
1581 1631 1726 1681 postea

83 1682 126 1725 vi
139 1683 313 1725 adolevit
329 1683 434 1724 inter
448 1689 553 1723 artes
572 1681 708 1723 bonas.
730 1693 733 1695 ·
934 1681 1148 1723 ambitione
1158 1679 1284 1736 plane
1300 1688 1510 1736 corruptus
1534 1686 1615 1733 est)
1643 1696 1724 1723 nou

142 1743 159 1766 2
186 1739 322 1796 Ergo,
350 1738 420 1780 ubi
440 1736 621 1794 primam
679 1737 754 1780 etit
797 1737 873 1779 tri-

85 1797 282 1838 bunatum
299 1794 472 1837 militum
491 1792 518 1836 ὰ
530 1808 645 1850 popu
662 1809 700 1843 0,
731 1808 874 1850 quam-

83 1867 205 1910 quam
242 1851 427 1908 plerique
460 1851 697 1906 ignorarent
717 1850 877 1908 faciem

86 1911 183 1966 q'us,
219 1908 401 1965 cognitus
428 1915 570 1950 tamen
590 1907 743 1949 virtute
777 1907 872 1949 bel·

86 1966 174 2009 lica
201 1965 431 2007 declaratur
446 1963 580 2021 facil&
599 1963 785 2018 tribunus
797 1978 875 2020 per

87 2037 217 2064 omnes
235 2021 375 2064 tribus.

144 2083 160 2105 ³
194 2077 343 2120 Tamen
369 2076 434 2119 vir
470 2076 556 2130 ille,
594 2076 652 2118 ad
678 2076 725 2118 id
754 2091 878 2133 usque

929 1736 1105 1787 audebat
1133 1745 1317 1794 appetere
1345 1738 1610 1780 consulatum.

987 1796 1006 1820 ⁴
1028 1793 1125 1841 Cui,
1154 1792 1360 1851 (quamvis
1396 1793 1600 1843 virtutem,
1631 1793 1724 1851 glo-

931 1850 1049 1898 riam,
1078 1857 1198 1906 atque
1229 1851 1329 1902 alia,
1357 1865 1444 1907 quae
1466 1851 1560 1893 boni
1576 1850 1725 1893 deside—

931 1922 1026 1950 rare
1045 1905 1199 1958 debent,
1228 1907 1390 1964 affatim
1416 1907 1593 1959 liaberet,
1597 1911 1619 1958 )
1658 1915 1723 1950 ta-

930 1978 1019 2005 men
1048 1963 1183 2005 inerat
1209 1964 1367 2006 animus
1395 1971 1654 2021 contemptor,
1686 1970 1725 2005 et

931 2019 1132 2075 superbia,
1152 2035 1238 2077 quae
1248 2028 1342 2063 sunt
1359 2020 1504 2064 vitium
1522 2035 1725 2063 commune

933 2075 1172 2122 nobilitatis.

812 2162 1008 2205 NOTAE.

133 2251 153 2271 a
170 2236 306 2281 Arpini]
331 2237 490 2277 Arpinum
519 2237 598 2268 urbs
629 2236 690 2268 fuit
726 2237 881 2277 Hirpino-

89 2289 162 2314 rum
192 2283 222 2312 in
244 2281 454 2318 Samnitibus,
476 2278 516 2310 ad
540 2279 638 2311 Lirim
654 2278 798 2318 fluvium,
821 2289 879 2319 pa-

87 2326 152 2358 triu
167 2325 269 2356 etiam
285 2323 457 2354 Ciceronis.

134 2367 155 2398 b
171 2364 362 2404 Munditiis-'1
385 2365 469 2396 Gan.
494 2364 678 2402 Galanterie,
694 2362 845 2395 Polieem.

134 2421 153 2441 c
169 2406 227 2440 Per
239 2409 369 2447 manu]
390 2407 604 2438 Proverbialis
621 2407 750 2438 locutio.
795 2405 881 2437 Gall.

92 2453 245 2488 dicimus,
262 2451 299 2482 de
311 2452 390 2481 main
413 2460 449 2481 en
463 2450 554 2482 main.
600 2451 712 2481 Patres
725 2449 819 2489 quasi
842 2459 881 2479 ex

93 2498 267 2534 compacto
278 2494 454 2524 successive
464 2490 666 2524 consulatum
677 2490 881 2523 administra·

94 2538 184 2576 bant,
207 2540 399 2576 mutuasque
413 2535 473 2566 sibi
498 2535 540 2566 ad
565 2545 641 2567 eum
667 2535 880 2581 obtinendum

94 2587 354 2660 ΨΞἫΞΣΖΞΫ
365 2578 578 2652 09ξῖἓέιῖἳὲἶὲ
606 2619 736 2651 ‚enicet
792 2618 883 2650 mxu

98 2662 276 2694 Metellose
290 2663 361 2694 ideo
377 2663 560 2694 missionem
577 2671 703 2703 rogare,
718 2666 756 2693 ut
770 2662 811 2693 ad
826 2671 882 2702 pe·

98 2707 234 2736 tendum
242 2707 447 2737 consulatum
464 2706 599 2737 Romam
611 2704 881 2747 proficisceretur.

141 2757 160 2777 e
172 2747 349 2788 comm]
372 2748 421 2779 Ea
435 2758 467 2780 re
482 2757 632 2788 preceps
646 2749 802 2788 pleraque
815 2747 883 2779 ruit

102 2789 275 2826 nobilitum
296 2788 414 2830 vixque
431 2790 528 2822 aliter
542 2791 623 2821 inter
644 2791 790 2822 homines
808 2799 882 2821 eve-

936 2236 1005 2268 nire
1017 2239 1136 2276 potest.
1179 2235 1296 2277 Itaque
1319 2243 1459 2269 caveant
1473 2238 1529 2278 qui
1544 2237 1619 2269 vere
1636 2236 1727 2268 nobi-

937 2279 994 2317 les,
1011 2283 1069 2310 aut
1081 2279 1156 2310 boni
1167 2278 1254 2310 cives
1268 2290 1339 2311 esse
1351 2282 1468 2312 volent.

981 2322 998 2352 f
1016 2320 1145 2360 Prma]
1174 2322 1330 2361 Loquitur
1357 2323 1398 2353 de
1431 2322 1588 2362 petitione
1613 2331 1730 2353 consu·

938 2363 1034 2395 latus.
1080 2365 1159 2397 Quis
1172 2366 1259 2402 vero,
1276 2364 1331 2396 cui
1342 2366 1439 2396 modo
1455 2366 1545 2398 virile
1559 2365 1725 2405 ingenium

938 2405 992 2445 sit,
1007 2409 1131 2438 tantam
1149 2406 1301 2447 injuriam
1315 2408 1456 2440 tolerare
1468 2414 1568 2448 queat
1580 2419 1592 2447 ;
1616 2413 1651 2438 ut
1662 2416 1725 2437 non

939 2449 960 2481 ii
989 2449 1115 2480 virtutis
1152 2448 1297 2481 laudibus
1327 2455 1363 2482 et
1402 2451 1542 2491 praemiis
1570 2449 1728 2490 fruantur,

936 2492 992 2534 qui
1012 2492 1132 2523 virtute
1145 2492 1251 2524 ornati
1267 2499 1355 2531 cunt,
1374 2497 1431 2524 sed
1445 2495 1503 2534 qui
1518 2493 1590 2534 ejus
1602 2493 1728 2533 qualiu-

937 2543 1079 2576 cumque
1103 2535 1125 2566 a
1144 2534 1321 2575 majoribus
1345 2536 1487 2576 iusignia
1516 2534 1724 2567 habuerunt?

936 2577 1130 2609 Necessario
1154 2577 1379 2610 intereundum
1398 2583 1448 2610 est
1467 2579 1512 2610 illi
1539 2578 1728 2618 republicae.

937 2620 970 2651 in
987 2619 1052 2660 qua
1068 2619 1178 2651 virtuti
1194 2630 1252 2654 sua
1267 2630 1391 2654 meree·
1403 2622 1603 2662 detrahitur;
1629 2626 1730 2659 atque

941 2662 988 2694 illi
1010 2662 1132 2693 nobiles
1146 2664 1201 2694 soli
1218 2667 1254 2694 et
1265 2663 1387 2695 deserti
1403 2665 1534 2696 taudem
1550 2665 1658 2695 vivere
1672 2671 1728 2692 eo·

939 2703 1072 2745 guntur,
1082 2705 1137 2746 qui
1149 2705 1290 2745 aditum,
1304 2715 1362 2746 per
1370 2716 1467 2747 quem
1477 2711 1586 2746 patres
1598 2705 1660 2738 uui.
1671 2703 1728 2743 qui

941 2747 1063 2819 ωοηιᾶἱ
1078 2751 1164 2788 sunt,
1189 2758 1243 2780 eos
1269 2749 1311 2779 ad
1327 2749 1462 2790 glorium
1483 2756 1631 2782 evexere.
1656 2745 1732 2776 aliis

941 2792 1033 2820 occlu
1058 2794 1124 2822 ant.

951 2831 1052 2872 112
