1838 3158
552 243 799 288 BELLUM
831 237 1298 286 CATILINARIUM.
1719 235 1743 277 7

95 360 149 403 tis
163 367 291 418 atque
306 360 515 418 augendoe
529 359 777 417 reipublicae
787 349 947 408 ¹fuerat,
967 357 1012 400 in
1025 353 1745 419 superbiam,-·dominationemque

94 417 327 470 convertit3
358 419 584 460 immutato
608 431 740 466 more,
757 431 899 459 annua
917 415 1110 472 imperia,
1141 413 1268 458 binos
1288 418 1568 470 imperatores
1585 411 1668 475 sibi
1683 410 1747 453 fe-

93 487 209 516 cere:
233 489 284 516 eo
296 475 427 519 modo
434 473 610 517 minime
624 489 752 531 posse
759 473 970 532 putabant
977 470 1547 530 perlicentiaminsolescere
1556 482 1746 510 animum

93 531 341 574 humanum.
391 531 479 575 Sed
498 532 552 575 εδ,
570 537 825 588 tempestate
841 545 1011 587 coepere
1026 545 1072 572 se
1084 529 1268 588 quisque
1283 525 1422 592 magis
1432 524 1656 590 magisque
1676 538 1752 596 ex-

94 588 256 637 tollere,
274 589 580 647 ingeniumque
611 590 675 631 'in
694 594 895 647 promptu
919 587 1078 630 habere
1097 601 1109 629 ε
1137 600 1239 629 nam
1254 585 1455 643 eregibus
1468 583 1590 632 bom,
1617 596 1749 639 quam

93 645 506 703 mali.suspectiores
515 653 630 689 sunt:
643 655 896 705 semperque
904 644 1263 695 hisalienavirtus
1271 641 1640 701 formidolosaest.
1661 639 1749 683 Sed

93 702 263 752 civitas,
280 704 534 747 incredibile
551 710 789 754 memoratu
806 710 886 752 est,
901 701 1062 759 adepta
1076 701 1289 751 libertate,
1301 706 1511 766 quantum
1523 695 1643 762 brevi
1659 711 1750 739 cre-

93 759 225 802 verit:
255 767 375 803 tanta
390 762 550 819 cupido
565 761 713 818 gloriae
740 760 989 802 incesserat.
1018 758 1529 821 Jamprimumjurentuffi
1551 755 1678 798 simul
1691 769 1752 826 ac

93 817 216 860 ‘belli
234 819 402 874 patiens
410 825 514 868 erat,
527 818 572 860 in
585 817 737 860 castris
749 831 826 881 per
836 816 1027 859 laborem
1047 831 1129 858 usu
1140 815 1337 858 militiam
1349 814 1547 879 discebat
1562 828 1573 855 z
1591 827 1753 870 magis-

94 888 178 931 que
199 875 243 916 in
263 875 431 918 decoris
449 875 591 924 armis,
612 882 657 917 et
671 874 927 916 militaribus
947 873 1084 931 equis,
1104 871 1238 931 quarn
1256 873 1304 916 in
1316 879 1472 937 scortis
1492 878 1624 936 atque
1645 885 1752 913 con-

95 931 219 974 viviis
234 932 493 974 ‘lubidinem
510 932 713 974 habebat.
743 931 882 988 Igitur
896 930 1055 974 talibus
1072 930 1172 973 viris
1187 945 1274 973 non
1292 930 1414 972 labor
1428 929 1644 993 insolitus,
1664 943 1753 970 non

95 989 217 1030 locus
238 988 350 1030 ullus
369 1003 506 1047 asper,
525 996 602 1032 aut
620 989 779 1032 arduus
812 994 918 1038 erat,
936 1003 1022 1031 non
1043 995 1231 1030 armatus
1264 986 1402 1030 hostis
1423 985 1753 1051 formidolosus:

95 1044 247 1087 ‘virtus
265 1046 411 1088 omnia
428 1047 666 1089 domuerat.
725 1046 814 1089 Sed
835 1045 982 1103 gloriae
997 1060 1246 1088 maxumum
1265 1051 1485 1088 certamen
1502 1044 1615 1086 inter
1633 1059 1754 1101 ipsos

96 1110 206 1144 erat:
226 1103 410 1160 quisque
427 1103 597 1147 hostem
612 1113 631 1136 ⁸
645 1104 785 1154 ferire,
801 1118 969 1146 murum
981 1104 1229 1152 ascendere,
1245 1102 1457 1159 conspici,
1474 1102 1577 1144 dum
1593 1103 1679 1144 tale
1689 1103 1750 1144 fa-

95 1159 217 1203 cinus
238 1161 412 1210 faceret‚
427 1162 707 1219 properabat:
722 1160 814 1204 heas
835 1161 1024 1210 divitias,
1044 1175 1141 1202 eam
1162 1161 1319 1202 bonam
1339 1161 1511 1208 famam,
1533 1173 1754 1217 maguam·

95 1232 180 1274 que
209 1218 479 1261 nobilitatem
514 1220 740 1276 putabant.
802 1218 962 1260 Laudis
994 1217 1122 1267 avidi,
1157 1218 1352 1275 pecuuiae
1386 1217 1585 1259 liberales
1605 1225 1727 1260 erant
1745 1235 1757 1267 3

95 1274 276 1331 gloriam
311 1275 546 1330 ingentem,
576 1276 763 1319 divitias¹
797 1276 1003 1318 honestas
1028 1275 1247 1317 volebant.
1306 1274 1547 1335 Memorare
1567 1290 1755 1331 possem,

130 1332 255 1375 uibus
272 1333 314 1374 in
323 1333 432 1376 locis
441 1349 663 1376 maxumas
676 1333 867 1376 hostium
878 1333 1029 1390 copias
1042 1333 1228 1390 populus
1246 1331 1467 1375 Romanus
1476 1331 1756 1388 'parvamanu

97 1348 282 1443 liuderit3
303 1405 412 1448 quas
428 1391 555 1434 urbes
567 1391 722 1435 natura
734 1391 986 1447 munitaspu
1018 1391 1162 1432 nando
1178 1389 1362 1447 ceperit;
1381 1389 1424 1431 ni
1438 1405 1489 1431 ea
1500 1404 1567 1431 res
1583 1390 1756 1448 longius

98 1462 177 1491 nos
196 1448 251 1491 ab
271 1449 444 1506 incepto
462 1449 662 1493 traheret.
690 1447 798 1492 kSed
821 1448 970 1505 profec
1034 1448 1206 1491 fortuna
1226 1449 1272 1490 in
1288 1446 1404 1490 omni
1425 1461 1468 1489 re
1484 1446 1756 1503 dominatur;

724 1565 829 1597 INTE
834 1565 1038 1597 RPRETAT
1043 1565 1100 1597 10.

615 1668 629 1690 ¹
663 1663 851 1708 Volebam
870 1664 1034 1707 divitias
1050 1663 1273 1707 mediocres.

841 1754 882 1796 N
886 1753 1039 1796 OTAE.

141 1852 162 1872 a
186 1840 451 1881 nominationem]
480 1842 540 1874 Hic
568 1852 628 1882 pro
659 1844 813 1884 tyrannide
839 1855 897 1884 po·-

955 1842 1109 1884 nitivum,
1125 1855 1184 1885 pro
1209 1844 1408 1884 indicativ03
1431 1850 1507 1876 suut
1533 1852 1644 1878 autem
1662 1846 1757 1880 valde

97 1884 160 1915 sita
186 1889 236 1915 est
262 1886 433 1922 dominatio,
463 1896 564 1927 quarn
591 1886 787 1927 Tarquinius
817 1889 898 1919 adeo

96 1928 218 1958 invexit
232 1927 493 1966 immoderatam.
507 1934 556 1968 ut,
573 1939 612 1960 eo
623 1928 759 1968 dejecto,
777 1931 836 1962 sibi
849 1933 898 1963 bi-

98 1980 155 2001 nos
179 1971 404 2011 imperatores,
433 1974 579 2004 consules
594 1973 728 2012 scilicet,
755 1975 895 2006 Romani

95 2013 278 2054 delegerint.

142 2057 163 2086 b
188 2057 229 2088 In
249 2057 408 2099 promptu]
443 2059 478 2089 ld
497 2064 558 2096 est,
581 2059 650 2090 Non
666 2062 732 2098 ,iam
754 2059 802 2091 illi
822 2062 899 2092 vires

97 2101 898 2188 zxffisfffflt'ss‘zizfflzzffltqiz'ffiz

99 2186 222 2219 maxime*
234 2193 431 2230 expromptam
445 2193 472 2219 et
486 2189 671 2227 manifestam
683 2189 815 2220 habebat.

142 2239 162 2259 c
183 2228 343 2270 Regibus]
365 2231 465 2263 Malis
477 2231 615 2270 scilicet,
631 2233 799 2272 dequibus
812 2243 897 2265 nunc

97 2272 208 2310 agitur
218 2284 230 2311 3
256 2274 319 2304 nisi
334 2274 415 2306 sorte
440 2284 553 2306 omnes
571 2275 692 2315 pariter
707 2285 772 2306 uno
793 2281 829 2307 et
841 2287 898 2307 eo-

97 2315 181 2364 dem·
206 2316 279 2346 odio
307 2317 491 2354 Sallustius,
522 2317 732 2359 popularium
754 2319 897 2360 opinioni

101 2367 253 2395 serviens,
269 2362 485 2401 prosequitur.

142 2402 162 2431 d
190 2400 265 2433 Rem
276 2404 427 2446 patiens]
448 2407 541 2436 Anno
560 2404 667 2436 aetatis
692 2404 824 2436 circiter
847 2407 897 2438 17.

98 2454 167 2484 quo
183 2446 273 2484 pueri
285 2456 356 2478 esse
369 2447 554 2479 desinebant
566 2459 577 2485 ς
602 2449 770 2488 protracta
784 2449 899 2481 deinde

92 2486 266 2525 juventute
281 2490 322 2521 ad
335 2501 456 2523 annum
470 2501 571 2532 usque
582 2492 634 2523 46.
649 2493 668 2523 a
681 2502 746 2532 quo
759 2492 899 2532 incipie-

99 2532 154 2561 bat
168 2537 328 2564 senectus.

142 2584 161 2604 e
184 2574 389 2614 Lubidinem]
419 2576 564 2608 Tametsi
595 2578 714 2618 saepius
741 2577 840 2609 lubido
866 2578 900 2611 in

101 2617 219 2649 maiam
237 2626 362 2658 partem
377 2616 553 2660 accipitur,
567 2631 626 2660 pro
639 2621 780 2653 desiderio
792 2628 902 2662 pravo,-

99 2665 254 2700 attamen,
279 2669 316 2693 ut
326 2663 426 2702 vides,
440 2663 634 2706 quandoque
648 2664 746 2695 etiam
763 2666 903 2697 sumitur

101 2702 132 2733 in
152 2705 279 2736 bonam.

146 2748 160 2777 f
184 2746 312 2789 Virum]
338 2748 567 2780 Fortitudinem
581 2750 737 2791 intellige.

157 2801 177 2829 g
201 2788 323 2832 &rire-J
381 2792 467 2824 Nihil
495 2793 698 2834 frequentius
721 2794 819 2836 quam
856 2795 903 2826 lo·-

103 2832 219 2872 quendi
237 2834 393 2867 formulas
407 2836 496 2868 istius
510 2836 596 2869 modi
611 2838 743 2877 videbis,
760 2849 817 2880 per
834 2838 904 2870 infi-

954 1887 1171 1927 significantes
1191 1893 1225 1920 et
1238 1888 1412 1927 elegantes.

1000 1932 1021 1962 h
1043 1930 1109 1962 Eas
1131 1931 1281 1971 divilias-J
1301 1932 1410 1971 Vulgo
1430 1930 1622 1975 diceremus,
1667 1936 1706 1967 In
1724 1947 1758 1967 eo

952 1976 1062 2014 positas
1087 1975 1285 2013 essedivuias,
1313 1976 1344 2005 in
1373 1985 1407 2006 eo
1427 1975 1556 2016 positam
1569 1976 1629 2008 esse
1653 1978 1757 2010 bonam

948 2018 1077 2056 samam,
1096 2019 1155 2052 ὃςσ.
1168 2018 1322 2059 putabant.

999 2062 1007 2092 i
1031 2059 1135 2092 Parva
1159 2062 1280 2101 manu]
1322 2061 1453 2092 Frustra
1481 2068 1568 2103 sunt,
1598 2066 1629 2095 ni
1654 2065 1757 2104 fallor,

952 2105 1020 2145 qui,
1059 2107 1096 2135 ut
1130 2106 1357 2136 Romanorum
1401 2105 1535 2144 gloriam
1584 2108 1757 2140 militarem

953 2157 1107 2186 magnam
1123 2149 1220 2179 fuisse
1234 2148 1382 2188 probent,
1406 2150 1473 2179 huc
1496 2150 1603 2182 multa
1622 2162 1665 2183 ex
1692 2153 1758 2184 his·

953 2191 1036 2222 toria
1057 2191 1149 2222 nobis
1174 2192 1368 2231 pervulgata
1394 2194 1593 2232 congerunt;
1617 2196 1759 2227 intendit

953 2233 1039 2265 enim
1073 2238 1187 2266 auctor
1223 2233 1380 2273 majorem
1404 2235 1501 2267 fuisse
1535 2246 1622 2276 eum,
1658 2240 1755 2278 quam

953 2277 1083 2316 scriptis
1104 2278 1270 2308 celebrata
1293 2279 1399 2310 fuerit.

970 2319 972 2321 ’
997 2321 1020 2350 k
1040 2319 1127 2360 Sed]
1154 2321 1362 2352 Adversativa
1386 2329 1455 2353 est:
1480 2331 1577 2355 exeo
1602 2326 1683 2358 vero
1695 2326 1759 2358 dif-

954 2362 1137 2395 ficultatem
1167 2365 1266 2404 parit,
1297 2366 1388 2406 qued
1424 2369 1593 2400 sententiae
1623 2369 1770 2411 integr-az*

954 2416 1015 2437 non
1033 2407 1215 2447 respondet.
1261 2408 1423 2448 Superiori
1441 2409 1574 2449 periodo
1592 2413 1674 2443 dixit
1689 2413 1768 2444 Sal-¹

953 2449 1068 2481 iustius
1080 2460 1115 2481 se
1127 2461 1218 2491 posse
1234 2461 1413 2483 memorare
1427 2452 1551 2493 quibus
1566 2455 1597 2485 iu
1610 2457 1689 2486 locis
1701 2466 1759 2495 po-

955 2493 1052 2532 pulus
1077 2494 1246 2526 Romanus
1272 2495 1394 2527 fuderit
1418 2497 1544 2535 copias,
1572 2498 1634 2530 διο.
1682 2499 1760 2530 Inde

958 2535 1015 2567 ille
1038 2536 1116 2568 nihil
1143 2537 1275 2578 excipit.
1322 2538 1445 2569 Verum
1473 2539 1505 2570 in
1530 2541 1586 2572 illa
1614 2543 1760 2582 proposi-

957 2578 1144 2618 tinnc‚baec
1170 2581 1305 2612 assertio
1327 2581 1514 2620 includitur,
1544 2583 1678 2627 Populus
1695 2585 1762 2617 Ro-

957 2624 1161 2662 manutsudit
1188 2626 1284 2664 copias
1317 2622 1411 2665 ρανυᾶ
1447 2635 1545 2663 manu,
1571 2629 1629 2660 &a
1677 2629 1762 2659 Huic

958 2666 1128 2698 assertioni
1161 2669 1337 2707 respondet
1362 2668 1521 2707 particula
1544 2671 1603 2700 sed.
1660 2673 1759 2704 Quasi

960 2709 1061 2747 dicat,
1073 2706 1153 2740 Bello
1167 2711 1286 2742 maximi
1298 2711 1426 2749 suerunt
1447 2716 1551 2752 patres
1576 2716 1668 2744 nostri
1680 2726 1691 2749 ,·
1713 2716 1764 2746 sed

952 2753 1082 2789 sertum
1096 2752 1154 2784 iltis
1175 2753 1299 2792 gloriam
1320 2765 1402 2784 tuam
1425 2754 1531 2785 invidit
1541 2767 1555 2792 ;
1579 2754 1647 2786 iram
1675 2759 1762 2794 sacta

959 2805 1057 2868 eorubm
1069 2793 1208 2836 historia,
1230 2798 1276 2829 uti
1289 2797 1380 2838 digna
1397 2801 1493 2834 erant,
1515 2807 1573 2828 non
1582 2799 1672 2836 suere
1691 2811 1760 2832 cori.

961 2839 1020 2870 ccle
1040 2844 1114 2870 mla.
