1884 3172
581 197 666 242 DE
696 197 833 253 REP.
865 196 1256 243 oRmNANDA.
1652 195 1745 263 21⁵,

88 314 260 357 omissis
282 312 477 371 pecuniae
494 318 539 356 et
556 313 749 370 corporis
767 309 955 368 gaudiis,
974 309 1119 353 animo
1138 309 1384 368 indulgens,
1402 324 1491 354 non
1509 320 1732 357 assentan-

87 373 159 423 do,
180 385 318 428 neque
337 370 569 427 concupita
586 370 832 427 praebendo,
850 375 868 393 ⁸
886 382 1127 424 perversam
1141 369 1323 424 gratiam
1343 367 1589 425 gratificans
1609 387 1621 422 ;
1652 372 1731 414 sed

90 429 133 470 in
154 429 311 476 labore,
324 427 547 484 patientia,
565 427 777 484 bonisque
793 424 1032 482 praeceptis,
1045 431 1090 467 et
1104 424 1231 467 factis
1244 424 1426 479 fortibus
1441 427 1733 473 exercitando.

88 486 201 527 Nam
220 486 410 534 domum,
439 491 515 527 aut
529 483 677 526 villam
695 490 926 547 exstruere,
955 495 1138 552 eamque
1167 481 1332 545 siguis,
1347 481 1510 531 aulaeis,
1548 484 1731 541 aliisque

86 537 1731 652 313:1³‘2222'2’220332552233'fiatt‘r'effssefflssssssgssffii‘flssgffiss{zeeffissSJ-sss

85 656 132 705 ii,
153 656 310 712 quibus
324 655 393 698 bie
412 654 484 698 die
503 662 695 697 ventrem
714 668 904 702 onerare,
937 652 1099 695 nullam
1118 659 1290 695 noctem
1310 653 1403 695 sine
1422 660 1567 696 scorto
1586 654 1732 711 quies-

84 729 196 763 cere,
223 727 318 755 mos
355 719 451 764 est3
500 712 575 754 ubi
606 711 813 760 animum,
840 723 969 768 quem
992 709 1203 752 dominari
1240 709 1436 759 decebat,
1461 710 1634 754 servitio
1653 727 1732 778 op-

82 771 305 830 pressere:
332 784 388 812 ne
421 769 622 827 uicquam
640 783 692 812 eo
711 777 864 826 postea
892 766 1055 816 habeti,
1083 772 1215 824 atque
1232 766 1404 815 claudo,
1430 781 1507 823 pro
1526 769 1734 813 exercitio

84 829 148 872 uti
168 829 332 871 volunt.
392 847 394 849 ·
435 841 506 869 am
522 824 812 883 imprudentia
829 824 1048 882 pleraque,
1077 829 1124 866 et
1151 838 1199 866 se
1229 823 1514 881 praecipitant.
1571 825 1734 870 Verum

83 885 194 935 haec,
210 893 254 929 et
272 883 419 928 omnia
434 883 547 926 mala
563 882 725 940 pariter
747 896 847 924 cum
865 881 1028 923 honore
1054 879 1251 937 pecuniae
1269 881 1468 924 desinent
1483 898 1496 935 ;
1523 882 1562 924 si
1587 898 1734 941 ‘neque

82 941 419 1000 magistratibus,
444 951 585 997 neque
614 939 700 982 alia
726 939 857 995 vulgo
887 937 1117 1037 cupienda,
1145 937 1315 982 venalia
1343 945 1480 982 erunt.
1537 939 1622 982 Ad,
1647 942 1733 986 hoc

83 999 396 1058 providendum
434 1004 516 1045 est.
544 1009 733 1054 quonum
770 995 902 1039 modo
965 995 1081 1045 talia,
1110 1001 1243 1053 atque
1278 995 1513 1053 provinciae
1549 997 1732 1042 tutiores

82 1057 172 1101 sint
186 1072 201 1099 ε
227 1056 275 1099 id
294 1054 412 1112 quod
432 1054 549 1097 factu
568 1054 684 1097 haud
703 1054 936 1098 obscurum
955 1058 1036 1095 est.
1093 1052 1207 1095 Nam
1226 1052 1359 1096 iidem
1380 1054 1527 1101 omnia
1546 1062 1732 1108 vastant,

83 1129 183 1157 suas
203 1111 441 1157 deserendo
460 1111 628 1161 domos,
645 1118 691 1154 et
707 1126 784 1170 per
801 1110 1003 1168 injuriam
1020 1109 1184 1153 alienas
1205 1109 1478 1168 occupando.
1528 1111 1639 1155 Item
1655 1128 1726 1164 ne,

83 1178 133 1214 ut
151 1171 307 1220 adhuc,
336 1168 492 1212 militia
516 1168 691 1225 injusta,
719 1175 795 1212 ant
823 1167 1051 1225 inaequalis
1069 1167 1156 1218 sit;
1188 1166 1287 1210 cnm
1320 1168 1395 1214 alii
1413 1167 1733 1235 triginta,›pa.rs

82 1229 248 1271 nullum
276 1225 539 1284 stipendium
567 1226 725 1268 faciet:
754 1233 800 1268 et
828 1226 1087 1268 frumentum
1116 1224 1178 1274 id,
1205 1225 1324 1324 (huod
1353 1234 1482 1269 antea
1510 1232 1733 1291 p'raemium

82 1285 265 1343 ignaviae
293 1284 391 1334 fuit,
419 1297 495 1339 per
522 1282 771 1339 municipia,
800 1289 846 1325 et
873 1279 1068 1325 colonias
1097 1281 1185 1324 illis
1245 1297 1317 1325 are
1345 1291 1576 1327 conveniet
1590 1300 1603 1327 t
1633 1284 1734 1329 cnm

81 1342 309 1409 stipendiis
337 1348 354 1366 ⁰
372 1340 559 1384 emeritis
588 1340 742 1383 domos
770 1340 1012 1384 everterint.
1070 1339 1182 1388 Quae
1209 1339 1459 1396 reipublicae
1477 1343 1736 1392 necessaria,

80 1401 247 1459 tibique
268 1399 458 1457 gloriosa
472 1403 588 1439 ratus
618 1411 727 1446 sum,
755 1396 888 1454 quam
920 1396 1209 1454 paucissumis
1238 1397 1420 1440 absolvi.
1478 1398 1580 1442 Non
1610 1401 1733 1457 pejus

81 1459 250 1502 videtur
267 1471 406 1514 pauca
424 1469 540 1497 nunc
551 1455 606 1496 de
617 1455 736 1497 facto
749 1469 845 1497 meo
857 1455 1083 1497 disserere.
1110 1453 1311 1511 Plerique
1327 1455 1530 1498 mortales
1545 1456 1601 1499 ad
1621 1458 1735 1513 judi-

82 1516 269 1559 candum
288 1513 393 1557 satis
406 1511 571 1569 ingenii
589 1512 766 1561 habent,
786 1519 862 1554 aut
880 1511 1113 1562 simulant3
1144 1510 1289 1553 verum
1308 1519 1451 1554 tamen
1470 1514 1527 1555 ad
1556 1513 1576 1538 ‘¹
1594 1528 1735 1571 repre·

80 1571 313 1616 hendenda
330 1571 470 1612 aliena
488 1569 616 1618 facta,
634 1576 710 1611 aut
727 1569 859 1618 dicta,
886 1569 1010 1611 ardet
1028 1568 1227 1611 omnibus
1246 1568 1441 1611 animus:
1470 1570 1544 1612 vix
1558 1571 1666 1614 satis
1685 1587 1734 1614 a·

79 1638 248 1688 pertum
268 1643 332 1678 os,
360 1626 601 1683 autlingua
619 1634 816 1683 prompta
833 1625 1016 1674 videtur,
1043 1639 1140 1682 quae
1178 1626 1385 1668 meditata
1419 1635 1596 1683 pectore
1616 1630 1733 1672 evol-

81 1696 154 1730 vat
171 1702 183 1729 ε
210 1685 368 1744 quibus
387 1699 455 1726 me
475 1684 718 1740 subjectum
738 1683 853 1725 haud
885 1683 1082 1739 poenitet,
1110 1680 1250 1739 magis
1268 1689 1284 1707 θ
1303 1683 1528 1727 reticuisse
1546 1685 1729 1743 pig-eretz

83 1745 198 1788 Nam
216 1744 305 1786 sive
324 1741 424 1790 hac,
453 1755 532 1783 seu
549 1740 725 1783 meliore
746 1739 834 1782 alia
864 1739 938 1782 via
962 1754 1148 1797 perges3
1178 1739 1206 1782 a
1240 1754 1312 1783 me
1344 1741 1521 1798 quidem
1556 1757 1634 1799 pro
1668 1744 1733 1786 vi-

82 1803 151 1844 rili
171 1808 290 1859 parte
309 1800 489 1847 dictum,
507 1804 552 1840 et
581 1797 778 1854 adjutum
795 1797 939 1840 fuerit.
997 1797 1231 1855 Reliquum
1259 1803 1327 1841 est
1344 1805 1507 1856 optare,
1534 1798 1615 1850 uti,
1634 1816 1733 1858 quae

82 1859 163 1908 tibi
183 1857 437 1916 placuerint,
468 1870 520 1898 ea
537 1854 599 1898 dii
616 1855 878 1898 immortales
897 1855 1152 1912 approbent,
1170 1855 1366 1912 beneque
1382 1857 1553 1900 evenire
1572 1858 1733 1911 sinant,

125 2079 145 2099 a
161 2066 357 2104 stream]
399 2065 436 2096 ld
459 2068 521 2102 est,
547 2069 631 2100 Qua
648 2065 722 2106 plus
751 2065 871 2097 doloris
967 2075 988 2096 c
1002 2063 1177 2103 Emerita]
1221 2064 1258 2096 Id
1272 2069 1337 2102 est,
1348 2069 1501 2107 postqum
1514 2064 1628 2107 legibus
1641 2066 1730 2099 dedi·

82 2114 117 2142 et
131 2110 209 2140 mali
225 2109 342 2140 afferat
354 2108 453 2148 quam
478 2109 668 2149 voluptatis.
929 2112 1030 2139 aalma
1043 2112 1156 2148 tempu
1168 2107 1286 2138 militie
1298 2108 1455 2140 dedissent.

125 2154 146 2184 b
163 2152 207 2183 Id
218 2151 289 2190 ese-1
330 2151 464 2182 Utinam
480 2150 566 2183 istud
581 2151 762 2193 aliquando
776 2150 820 2182 illi
836 2161 874 2182 a·
974 2152 996 2181 d
1010 2150 1285 2192 Reprehendmaffi]
1329 2151 1406 2182 mos
1419 2151 1531 2191 carpit
1550 2151 1610 2193 qni
1632 2163 1727 2186 suum

85 2196 175 2226 nimo
190 2198 393 2234 reputarent,
418 2192 477 2234 qui
500 2203 548 2232 se,
569 2205 626 2235 per
636 2194 827 2226 divitiarum
841 2204 877 2224 a·
927 2194 1078 2225 'studium
1090 2197 1126 2225 et
1137 2193 1335 2234 scripturam
1352 2194 1643 2234 reprehendebant.

85 2240 214 2274 busnm,
231 2247 293 2269 non
308 2237 406 2268 modo
419 2236 560 2269 inlustra
572 2238 639 2270 fieri
652 2237 876 2276 arbitrarium
977 2247 997 2268 e
1011 2235 1205 2278 Rexit-am]
1255 2237 1293 2268 111
1303 2240 1366 2275 est,
1383 2237 1422 2268 de
1438 2237 1477 2272 ii·
1505 2247 1568 2270 non
1587 2242 1732 2272 nomine

84 2281 151 2318 sed,
165 2280 283 2320 spretis
308 2280 441 2319 insuper
454 2280 576 2319 quibus
589 2281 718 2321 gloriari
735 2280 816 2311 vene
829 2279 880 2310 vi·
935 2279 1077 2312 Cererem
1091 2290 1157 2322 quoe
1168 2281 1281 2323 optino
1298 2290 1358 2312 ax
1369 2279 1516 2313 credebat.

83 2325 201 2355 dentur
216 2323 332 2360 titulis,
349 2327 383 2353 et
398 2323 519 2354 christi
535 2323 675 2361 nomine,
689 2323 758 2364 ejus
776 2332 879 2354 mem-

83 2368 153 2441 brq,
167 2366 434 2408 sanguinemque,
448 2376 507 2407 pro
522 2366 630 2407 libitu,
652 2367 786 2408 pedibus
801 2375 879 2407 pro·

86 2420 128 2442 cu
142 2416 230 2442 cent.
